@article{Bertolini:2015pka,
      author         = "Bertolini, Daniele and Thaler, Jesse and Walsh, Jonathan
                        R.",
      title          = "{The First Calculation of Fractional Jets}",
      year           = "2015",
      eprint         = "1501.01965",
      archivePrefix  = "arXiv",
      primaryClass   = "hep-ph",
      reportNumber   = "MIT-CTP-4632",
      SLACcitation   = "%%CITATION = ARXIV:1501.01965;%%",
}

@article{Collins:1989gx,
      author         = "Collins, John C. and Soper, Davison E. and Sterman,
                        George F.",
      title          = "{Factorization of Hard Processes in QCD}",
      journal        = "Adv.Ser.Direct.High Energy Phys.",
      volume         = "5",
      pages          = "1-91",
      year           = "1988",
      eprint         = "hep-ph/0409313",
      archivePrefix  = "arXiv",
      primaryClass   = "hep-ph",
      reportNumber   = "ITP-SB-89-31",
      SLACcitation   = "%%CITATION = HEP-PH/0409313;%%",
}

@article{Aad:2010bu,
      author         = "Aad, Georges and others",
      title          = "{Observation of a Centrality-Dependent Dijet Asymmetry in Lead-Lead Collisions at $\sqrt{s_{NN}}=2.77$ TeV with the
                        ATLAS Detector at the LHC}",
      collaboration  = "ATLAS Collaboration",
      journal        = "Phys.Rev.Lett.",
      volume         = "105",
      pages          = "252303",
      doi            = "10.1103/PhysRevLett.105.252303",
      year           = "2010",
      eprint         = "1011.6182",
      archivePrefix  = "arXiv",
      primaryClass   = "hep-ex",
      SLACcitation   = "%%CITATION = ARXIV:1011.6182;%%",
}

@article{Sterman:2014nua,
      author         = "Sterman, George",
      title          = "{Two Lectures on QCD at Short Distances: Jets and
                        Factorization}",
      journal        = "Acta Phys.Polon.",
      volume         = "B45",
      pages          = "2205",
      doi            = "10.5506/APhysPolB.45.2205",
      year           = "2014",
      eprint         = "1412.5698",
      archivePrefix  = "arXiv",
      primaryClass   = "hep-ph",
      reportNumber   = "YITP-SB-14-52",
      SLACcitation   = "%%CITATION = ARXIV:1412.5698;%%",
}

@article{Altarelli:1977zs,
      author         = "Altarelli, Guido and Parisi, G.",
      title          = "{Asymptotic Freedom in Parton Language}",
      journal        = "Nucl.Phys.",
      volume         = "B126",
      pages          = "298",
      doi            = "10.1016/0550-3213(77)90384-4",
      year           = "1977",
      reportNumber   = "LPTENS-77-6",
      SLACcitation   = "%%CITATION = NUPHA,B126,298;%%",
}

@article{Gribov:1972ri,
      author         = "Gribov, V.N. and Lipatov, L.N.",
      title          = "{Deep inelastic e p scattering in perturbation theory}",
      journal        = "Sov.J.Nucl.Phys.",
      volume         = "15",
      pages          = "438-450",
      year           = "1972",
      reportNumber   = "IPTI-381-71",
      SLACcitation   = "%%CITATION = SJNCA,15,438;%%",
}

@article{Dokshitzer:1977sg,
      author         = "Dokshitzer, Yuri L.",
      title          = "{Calculation of the Structure Functions for Deep
                        Inelastic Scattering and e+ e- Annihilation by
                        Perturbation Theory in Quantum Chromodynamics.}",
      journal        = "Sov.Phys.JETP",
      volume         = "46",
      pages          = "641-653",
      year           = "1977",
      SLACcitation   = "%%CITATION = SPHJA,46,641;%%",
}

@article{Bodwin:1984hc,
      author         = "Bodwin, Geoffrey T.",
      title          = "{Factorization of the Drell-Yan Cross-Section in
                        Perturbation Theory}",
      journal        = "Phys.Rev.",
      volume         = "D31",
      pages          = "2616",
      doi            = "10.1103/PhysRevD.34.3932, 10.1103/PhysRevD.31.2616",
      year           = "1985",
      reportNumber   = "ANL-HEP-PR-84-64-REV, ANL-HEP-PR-84-64",
      SLACcitation   = "%%CITATION = PHRVA,D31,2616;%%",
}

@article{Salam:2009jx,
      author         = "Salam, Gavin P.",
      title          = "{Towards Jetography}",
      journal        = "Eur.Phys.J.",
      volume         = "C67",
      pages          = "637-686",
      doi            = "10.1140/epjc/s10052-010-1314-6",
      year           = "2010",
      eprint         = "0906.1833",
      archivePrefix  = "arXiv",
      primaryClass   = "hep-ph",
      SLACcitation   = "%%CITATION = ARXIV:0906.1833;%%",
}

@article{Ellis:2007ib,
      author         = "Ellis, S.D. and Huston, J. and Hatakeyama, K. and Loch,
                        P. and Tonnesmann, M.",
      title          = "{Jets in hadron-hadron collisions}",
      journal        = "Prog.Part.Nucl.Phys.",
      volume         = "60",
      pages          = "484-551",
      doi            = "10.1016/j.ppnp.2007.12.002",
      year           = "2008",
      eprint         = "0712.2447",
      archivePrefix  = "arXiv",
      primaryClass   = "hep-ph",
      SLACcitation   = "%%CITATION = ARXIV:0712.2447;%%",
}

@article{Huth:1990mi,
      author         = "Huth, John E. and Wainer, Naor and Meier, Karlheinz and
                        Hadley, Nicholas and Aversa, F. and others",
      title          = "{Toward a standardization of jet definitions}",
      year           = "1990",
      reportNumber   = "FERMILAB-CONF-90-249-E, FNAL-C-90-249-E",
      SLACcitation   = "%%CITATION = FERMILAB-CONF-90-249-E ETC.;%%",
}

@article{Sterman:1977wj,
      author         = "Sterman, George F. and Weinberg, Steven",
      title          = "{Jets from Quantum Chromodynamics}",
      journal        = "Phys.Rev.Lett.",
      volume         = "39",
      pages          = "1436",
      doi            = "10.1103/PhysRevLett.39.1436",
      year           = "1977",
      reportNumber   = "HUTP-77/A044",
      SLACcitation   = "%%CITATION = PRLTA,39,1436;%%",
}

@article{Salam:2007xv,
      author         = "Salam, Gavin P. and Soyez, Gregory",
      title          = "{A Practical Seedless Infrared-Safe Cone jet algorithm}",
      journal        = "JHEP",
      volume         = "0705",
      pages          = "086",
      doi            = "10.1088/1126-6708/2007/05/086",
      year           = "2007",
      eprint         = "0704.0292",
      archivePrefix  = "arXiv",
      primaryClass   = "hep-ph",
      SLACcitation   = "%%CITATION = ARXIV:0704.0292;%%",
}

@article{Dasgupta:2014yra,
      author         = "Dasgupta, Mrinal and Dreyer, Frédéric and Salam, Gavin
                        P. and Soyez, Gregory",
      title          = "{Small-radius jets to all orders in QCD}",
      year           = "2014",
      eprint         = "1411.5182",
      archivePrefix  = "arXiv",
      primaryClass   = "hep-ph",
      reportNumber   = "CERN-PH-TH-2014-222",
      SLACcitation   = "%%CITATION = ARXIV:1411.5182;%%",
}

@article{Cacciari:2014gra,
      author         = "Cacciari, Matteo and Salam, Gavin P. and Soyez,
Gregory",
      title          = "{SoftKiller, a particle-level pileup removal method}",
      journal        = "Eur.Phys.J.",
      number         = "2",
      volume         = "C75",
      pages          = "59",
      doi            = "10.1140/epjc/s10052-015-3267-2",
      year           = "2015",
      eprint         = "1407.0408",
      archivePrefix  = "arXiv",
      primaryClass   = "hep-ph",
      reportNumber   = "CERN-PH-TH-2014-116",
      SLACcitation   = "%%CITATION = ARXIV:1407.0408;%%",
}

@article{Cacciari:2008gn,
      author         = "Cacciari, Matteo and Salam, Gavin P. and Soyez,
Gregory",
      title          = "{The Catchment Area of Jets}",
      journal        = "JHEP",
      volume         = "0804",
      pages          = "005",
      doi            = "10.1088/1126-6708/2008/04/005",
      year           = "2008",
      eprint         = "0802.1188",
      archivePrefix  = "arXiv",
      primaryClass   = "hep-ph",
      reportNumber   = "LPTHE-07-02",
      SLACcitation   = "%%CITATION = ARXIV:0802.1188;%%",
}

@article{Dixon:2013uaa,
      author         = "Dixon, Lance J.",
      title          = "{A brief introduction to modern amplitude methods}",
      pages          = "31-67",
      doi            = "10.5170/CERN-2014-008.31",
      year           = "2014",
      eprint         = "1310.5353",
      archivePrefix  = "arXiv",
      primaryClass   = "hep-ph",
      reportNumber   = "SLAC-PUB-15775",
      SLACcitation   = "%%CITATION = ARXIV:1310.5353;%%",
}

@article{Bern:2007dw,
      author         = "Bern, Zvi and Dixon, Lance J. and Kosower, David A.",
      title          = "{On-Shell Methods in Perturbative QCD}",
      journal        = "Annals Phys.",
      volume         = "322",
      pages          = "1587-1634",
      doi            = "10.1016/j.aop.2007.04.014",
      year           = "2007",
      eprint         = "0704.2798",
      archivePrefix  = "arXiv",
      primaryClass   = "hep-ph",
      reportNumber   = "UCLA-07-TEP-11, SLAC-PUB-12447, SPHT-T07-039",
      SLACcitation   = "%%CITATION = ARXIV:0704.2798;%%",
}

@article{Ossola:2006us,
      author         = "Ossola, Giovanni and Papadopoulos, Costas G. and Pittau,
                        Roberto",
      title          = "{Reducing full one-loop amplitudes to scalar integrals
at
                        the integrand level}",
      journal        = "Nucl.Phys.",
      volume         = "B763",
      pages          = "147-169",
      doi            = "10.1016/j.nuclphysb.2006.11.012",
      year           = "2007",
      eprint         = "hep-ph/0609007",
      archivePrefix  = "arXiv",
      primaryClass   = "hep-ph",
      SLACcitation   = "%%CITATION = HEP-PH/0609007;%%",
}


@article{Ellis:2011cr,
      author         = "Ellis, R. Keith and Kunszt, Zoltan and Melnikov, Kirill
                        and Zanderighi, Giulia",
      title          = "{One-loop calculations in quantum field theory: from
                        Feynman diagrams to unitarity cuts}",
      journal        = "Phys.Rept.",
      volume         = "518",
      pages          = "141-250",
      doi            = "10.1016/j.physrep.2012.01.008",
      year           = "2012",
      eprint         = "1105.4319",
      archivePrefix  = "arXiv",
      primaryClass   = "hep-ph",
      reportNumber   = "FERMILAB-PUB-11-195-T",
      SLACcitation   = "%%CITATION = ARXIV:1105.4319;%%",
}

@article{Britto:2004ap,
      author         = "Britto, Ruth and Cachazo, Freddy and Feng, Bo",
      title          = "{New recursion relations for tree amplitudes of
gluons}",
      journal        = "Nucl.Phys.",
      volume         = "B715",
      pages          = "499-522",
      doi            = "10.1016/j.nuclphysb.2005.02.030",
      year           = "2005",
      eprint         = "hep-th/0412308",
      archivePrefix  = "arXiv",
      primaryClass   = "hep-th",
      SLACcitation   = "%%CITATION = HEP-TH/0412308;%%",
}


@article{Studerus:2009ye,
      author         = "Studerus, C.",
      title          = "{Reduze-Feynman Integral Reduction in C++}",
      journal        = "Comput.Phys.Commun.",
      volume         = "181",
      pages          = "1293-1300",
      doi            = "10.1016/j.cpc.2010.03.012",
      year           = "2010",
      eprint         = "0912.2546",
      archivePrefix  = "arXiv",
      primaryClass   = "physics.comp-ph",
      reportNumber   = "ZU-TH-18-09",
      SLACcitation   = "%%CITATION = ARXIV:0912.2546;%%",
}

@article{Cutkosky:1960sp,
      author         = "Cutkosky, R.E.",
      title          = "{Singularities and discontinuities of Feynman
                        amplitudes}",
      journal        = "J.Math.Phys.",
      volume         = "1",
      pages          = "429-433",
      doi            = "10.1063/1.1703676",
      year           = "1960",
      SLACcitation   = "%%CITATION = JMAPA,1,429;%%",
}

@article{Catani:2014qha,
      author         = "Catani, Stefano and Grazzini, Massimiliano and Torre,
A.",
      title          = "{Transverse-momentum resummation for heavy-quark
                        hadroproduction}",
      journal        = "Nucl.Phys.",
      volume         = "B890",
      pages          = "518-538",
      doi            = "10.1016/j.nuclphysb.2014.11.019",
      year           = "2014",
      eprint         = "1408.4564",
      archivePrefix  = "arXiv",
      primaryClass   = "hep-ph",
      reportNumber   = "ZU-TH-28-14",
      SLACcitation   = "%%CITATION = ARXIV:1408.4564;%%",
}

@article{Ferroglia:2012uy,
      author         = "Ferroglia, Andrea and Pecjak, Ben D. and Yang, Li Lin
and
                        Pecjak, Ben D. and Yang, Li Lin",
      title          = "{The NNLO soft function for the pair invariant mass
                        distribution of boosted top quarks}",
      journal        = "JHEP",
      volume         = "1210",
      pages          = "180",
      doi            = "10.1007/JHEP10(2012)180",
      year           = "2012",
      eprint         = "1207.4798",
      archivePrefix  = "arXiv",
      primaryClass   = "hep-ph",
      SLACcitation   = "%%CITATION = ARXIV:1207.4798;%%",
}

@article{Li:2013mia,
      author         = "Li, Hai Tao and Li, Chong Sheng and Shao, Ding Yu and
                        Yang, Li Lin and Zhu, Hua Xing",
      title          = "{Top quark pair production at small transverse momentum
                        in hadronic collisions}",
      journal        = "Phys.Rev.",
      volume         = "D88",
      pages          = "074004",
      doi            = "10.1103/PhysRevD.88.074004",
      year           = "2013",
      eprint         = "1307.2464",
      archivePrefix  = "arXiv",
      SLACcitation   = "%%CITATION = ARXIV:1307.2464;%%",
}

@article{Becher:2011dz,
      author         = "Becher, Thomas and Bell, Guido",
      title          = "{Analytic Regularization in Soft-Collinear Effective
                        Theory}",
      journal        = "Phys.Lett.",
      volume         = "B713",
      pages          = "41-46",
      doi            = "10.1016/j.physletb.2012.05.016",
      year           = "2012",
      eprint         = "1112.3907",
      archivePrefix  = "arXiv",
      primaryClass   = "hep-ph",
      SLACcitation   = "%%CITATION = ARXIV:1112.3907;%%",
}

@article{Ahrens:2010zv,
      author         = "Ahrens, Valentin and Ferroglia, Andrea and Neubert,
                        Matthias and Pecjak, Ben D. and Yang, Li Lin",
      title          = "{Renormalization-Group Improved Predictions for
Top-Quark
                        Pair Production at Hadron Colliders}",
      journal        = "JHEP",
      volume         = "1009",
      pages          = "097",
      doi            = "10.1007/JHEP09(2010)097",
      year           = "2010",
      eprint         = "1003.5827",
      archivePrefix  = "arXiv",
      primaryClass   = "hep-ph",
      SLACcitation   = "%%CITATION = ARXIV:1003.5827;%%",
}

@article{Becher:2007ty,
      author         = "Becher, Thomas and Neubert, Matthias and Xu, Gang",
      title          = "{Dynamical Threshold Enhancement and Resummation in
                        Drell-Yan Production}",
      journal        = "JHEP",
      volume         = "0807",
      pages          = "030",
      doi            = "10.1088/1126-6708/2008/07/030",
      year           = "2008",
      eprint         = "0710.0680",
      archivePrefix  = "arXiv",
      primaryClass   = "hep-ph",
      reportNumber   = "CLNS-07-2009, FERMILAB-PUB-07-507-T, MZ-TH-07-16",
      SLACcitation   = "%%CITATION = ARXIV:0710.0680;%%",
}

@article{AntoniaMTh,
      author         = "Adler, Antonia",
      title          = "{Soft effects in transverse spectra at hadron 
                         colliders}",
      journal        = "Master Thesis",
      year           = "2015",
}

@article{Becher:2012yn,
      author         = "Becher, Thomas and Neubert, Matthias and Wilhelm,
Daniel",
      title          = "{Higgs-Boson Production at Small Transverse Momentum}",
      journal        = "JHEP",
      volume         = "1305",
      pages          = "110",
      doi            = "10.1007/JHEP05(2013)110",
      year           = "2013",
      eprint         = "1212.2621",
      archivePrefix  = "arXiv",
      primaryClass   = "hep-ph",
      reportNumber   = "MZ-TH-12-51",
      SLACcitation   = "%%CITATION = ARXIV:1212.2621;%%",
}


@article{Ahrens:2011px,
      author         = "Ahrens, Valentin and Ferroglia, Andrea and Neubert,
                        Matthias and Pecjak, Ben D. and Yang, Li Lin",
      title          = "{Precision predictions for the t+t(bar) production cross
                        section at hadron colliders}",
      journal        = "Phys. Lett.",
      volume         = "B703",
      year           = "2011",
      pages          = "135-141",
      doi            = "10.1016/j.physletb.2011.07.058",
      eprint         = "1105.5824",
      archivePrefix  = "arXiv",
      primaryClass   = "hep-ph",
      reportNumber   = "MZ-TH-11-11, ZU-TH-10-11",
      SLACcitation   = "%%CITATION = ARXIV:1105.5824;%%"
}

@article{Kotikov:1990kg,
      author         = "Kotikov, Anatoli V.",
      title          = "{Differential equations method: New technique for
massive
                        Feynman diagrams calculation}",
      journal        = "Phys. Lett.",
      volume         = "B254",
      year           = "1991",
      pages          = "158-164",
      doi            = "10.1016/0370-2693(91)90413-K",
      reportNumber   = "ITF-90-31E",
      SLACcitation   = "%%CITATION = PHLTA,B254,158;%%"
}

@article{Gehrmann:1999as,
      author         = "Gehrmann, T. and Remiddi, E.",
      title          = "{Differential equations for two loop four point
                        functions}",
      journal        = "Nucl. Phys.",
      volume         = "B580",
      year           = "2000",
      pages          = "485-518",
      doi            = "10.1016/S0550-3213(00)00223-6",
      eprint         = "hep-ph/9912329",
      archivePrefix  = "arXiv",
      primaryClass   = "hep-ph",
      reportNumber   = "TTP-99-49",
      SLACcitation   = "%%CITATION = HEP-PH/9912329;%%"
}

@article{Henn:2013pwa,
      author         = "Henn, Johannes M.",
      title          = "{Multiloop integrals in dimensional regularization made
                        simple}",
      journal        = "Phys. Rev. Lett.",
      volume         = "110",
      year           = "2013",
      pages          = "251601",
      doi            = "10.1103/PhysRevLett.110.251601",
      eprint         = "1304.1806",
      archivePrefix  = "arXiv",
      primaryClass   = "hep-th",
      SLACcitation   = "%%CITATION = ARXIV:1304.1806;%%"
}

@article{Remiddi:2013joa,
      author         = "Remiddi, Ettore and Tancredi, Lorenzo",
      title          = "{Schouten identities for Feynman graph amplitudes; The
                        Master Integrals for the two-loop massive sunrise
graph}",
      journal        = "Nucl. Phys.",
      volume         = "B880",
      year           = "2014",
      pages          = "343-377",
      doi            = "10.1016/j.nuclphysb.2014.01.009",
      eprint         = "1311.3342",
      archivePrefix  = "arXiv",
      primaryClass   = "hep-ph",
      reportNumber   = "ZU-TH-26-13",
      SLACcitation   = "%%CITATION = ARXIV:1311.3342;%%"
}

@article{Kinoshita:1962ur,
      author         = "Kinoshita, T.",
      title          = "{Mass singularities of Feynman amplitudes}",
      journal        = "J. Math. Phys.",
      volume         = "3",
      year           = "1962",
      pages          = "650-677",
      doi            = "10.1063/1.1724268",
      SLACcitation   = "%%CITATION = JMAPA,3,650;%%"
}

@article{Lee:1964is,
      author         = "Lee, T. D. and Nauenberg, M.",
      title          = "{Degenerate Systems and Mass Singularities}",
      journal        = "Phys. Rev.",
      volume         = "133",
      year           = "1964",
      pages          = "B1549-B1562",
      doi            = "10.1103/PhysRev.133.B1549",
      SLACcitation   = "%%CITATION = PHRVA,133,B1549;%%"
}

@article{Becher:2010tm,
      author         = "Becher, Thomas and Neubert, Matthias",
      title          = "{{Drell-Yan} Production at Small $q_T$, Transverse
Parton
                        Distributions and the Collinear Anomaly}",
      journal        = "Eur. Phys. J.",
      volume         = "C71",
      year           = "2011",
      pages          = "1665",
      doi            = "10.1140/epjc/s10052-011-1665-7",
      eprint         = "1007.4005",
      archivePrefix  = "arXiv",
      primaryClass   = "hep-ph",
      reportNumber   = "HD-THEP-10-13, MZ-TH-10-26",
      SLACcitation   = "%%CITATION = ARXIV:1007.4005;%%"
}

@article{Chiu:2012ir,
      author         = "Chiu, Jui-Yu and Jain, Ambar and Neill, Duff and
                        Rothstein, Ira Z.",
      title          = "{A Formalism for the Systematic Treatment of Rapidity
                        Logarithms in Quantum Field Theory}",
      journal        = "JHEP",
      volume         = "05",
      year           = "2012",
      pages          = "084",
      doi            = "10.1007/JHEP05(2012)084",
      eprint         = "1202.0814",
      archivePrefix  = "arXiv",
      primaryClass   = "hep-ph",
      reportNumber   = "INT-PUB-11-057, CALT-68-2864",
      SLACcitation   = "%%CITATION = ARXIV:1202.0814;%%"
}

@article{Pak:2010pt,
      author         = "Pak, A. and Smirnov, A.",
      title          = "{Geometric approach to asymptotic expansion of Feynman
                        integrals}",
      journal        = "Eur. Phys. J.",
      volume         = "C71",
      year           = "2011",
      pages          = "1626",
      doi            = "10.1140/epjc/s10052-011-1626-1",
      eprint         = "1011.4863",
      archivePrefix  = "arXiv",
      primaryClass   = "hep-ph",
      SLACcitation   = "%%CITATION = ARXIV:1011.4863;%%"
}

@article{Lee:2012cn,
      author         = "Lee, R. N.",
      title          = "{Presenting LiteRed: a tool for the Loop InTEgrals
                        REDuction}",
      year           = "2012",
      eprint         = "1212.2685",
      archivePrefix  = "arXiv",
      primaryClass   = "hep-ph",
      SLACcitation   = "%%CITATION = ARXIV:1212.2685;%%"
}


@article{Banfi:2015pju,
      author         = "Banfi, Andrea and Caola, Fabrizio and Dreyer, Frédéric
                        A. and Monni, Pier F. and Salam, Gavin P. and
Zanderighi,
                        Giulia and Dulat, Falko",
      title          = "{Jet-vetoed Higgs cross section in gluon fusion at
                        N3LO+NNLL with small-R resummation}",
      year           = "2015",
      eprint         = "1511.02886",
      volume	     = "arXiv:1511.02886",
      archivePrefix  = "arXiv",
      primaryClass   = "hep-ph",
      reportNumber   = "CERN-PH-TH-2015-261, OUTP-15-29P",
      SLACcitation   = "%%CITATION = ARXIV:1511.02886;%%"
}

@article{Anastasiou:2015ema,
      author         = "Anastasiou, Charalampos and Duhr, Claude and Dulat,
Falko
                        and Herzog, Franz and Mistlberger, Bernhard",
      title          = "{Higgs Boson Gluon-Fusion Production in QCD at Three
                        Loops}",
      journal        = "Phys. Rev. Lett.",
      volume         = "114",
      year           = "2015",
      pages          = "212001",
      doi            = "10.1103/PhysRevLett.114.212001",
      eprint         = "1503.06056",
      archivePrefix  = "arXiv",
      primaryClass   = "hep-ph",
      reportNumber   = "CERN-PH-TH-2015-055, CP3-15-07",
      SLACcitation   = "%%CITATION = ARXIV:1503.06056;%%"
}

@article{Aad:2012tfa,
      author         = "Aad, Georges and others",
      title          = "{Observation of a new particle in the search for the
                        Standard Model Higgs boson with the ATLAS detector at
the
                        LHC}",
      collaboration  = "ATLAS",
      journal        = "Phys. Lett.",
      volume         = "B716",
      year           = "2012",
      pages          = "1-29",
      doi            = "10.1016/j.physletb.2012.08.020",
      eprint         = "1207.7214",
      archivePrefix  = "arXiv",
      primaryClass   = "hep-ex",
      reportNumber   = "CERN-PH-EP-2012-218",
      SLACcitation   = "%%CITATION = ARXIV:1207.7214;%%"
}

@article{Chatrchyan:2012xdj,
      author         = "Chatrchyan, Serguei and others",
      title          = "{Observation of a new boson at a mass of 125 GeV with
the
                        CMS experiment at the LHC}",
      collaboration  = "CMS",
      journal        = "Phys. Lett.",
      volume         = "B716",
      year           = "2012",
      pages          = "30-61",
      doi            = "10.1016/j.physletb.2012.08.021",
      eprint         = "1207.7235",
      archivePrefix  = "arXiv",
      primaryClass   = "hep-ex",
      reportNumber   = "CMS-HIG-12-028, CERN-PH-EP-2012-220",
      SLACcitation   = "%%CITATION = ARXIV:1207.7235;%%"
}

@article{Catani:2007vq,
      author         = "Catani, Stefano and Grazzini, Massimiliano",
      title          = "{An NNLO subtraction formalism in hadron collisions and
                        its application to Higgs boson production at the LHC}",
      journal        = "Phys. Rev. Lett.",
      volume         = "98",
      year           = "2007",
      pages          = "222002",
      doi            = "10.1103/PhysRevLett.98.222002",
      eprint         = "hep-ph/0703012",
      archivePrefix  = "arXiv",
      primaryClass   = "hep-ph",
      SLACcitation   = "%%CITATION = HEP-PH/0703012;%%"
}


@article{GehrmannDeRidder:2005cm,
      author         = "Gehrmann-De Ridder, A. and Gehrmann, T. and Glover, E.
                        W.  Nigel",
      title          = "{Antenna subtraction at NNLO}",
      journal        = "JHEP",
      volume         = "09",
      year           = "2005",
      pages          = "056",
      doi            = "10.1088/1126-6708/2005/09/056",
      eprint         = "hep-ph/0505111",
      archivePrefix  = "arXiv",
      primaryClass   = "hep-ph",
      reportNumber   = "ZU-TH-07-05, IPPP-05-18",
      SLACcitation   = "%%CITATION = HEP-PH/0505111;%%"
}


% stripper 1
@article{Czakon:2010td,
      author         = "Czakon, Michał",
      title          = "{A novel subtraction scheme for double-real radiation at
                        NNLO}",
      journal        = "Phys. Lett.",
      volume         = "B693",
      year           = "2010",
      pages          = "259-268",
      doi            = "10.1016/j.physletb.2010.08.036",
      eprint         = "1005.0274",
      archivePrefix  = "arXiv",
      primaryClass   = "hep-ph",
      SLACcitation   = "%%CITATION = ARXIV:1005.0274;%%"
}


@article{Bonciani:2015sha,
      author         = "Bonciani, Roberto and Catani, Stefano and Grazzini,
                        Massimiliano and Sargsyan, Hayk and Torre, Alessandro",
      title          = "{The $q_T$ subtraction method for top quark production
                         at hadron colliders}",
      journal        = "Eur. Phys. J.",
      volume         = "C75",
      year           = "2015",
      number         = "12",
      pages          = "581",
      doi            = "10.1140/epjc/s10052-015-3793-y",
      eprint         = "1508.03585",
      archivePrefix  = "arXiv",
      primaryClass   = "hep-ph",
      reportNumber   = "ZU-TH-28-15",
      SLACcitation   = "%%CITATION = ARXIV:1508.03585;%%"
}

% three loops to Higgs in gluon fusion
@article{Baikov:2009bg,
      author         = "Baikov, P. A. and Chetyrkin, K. G. and Smirnov, A. V.
and
                        Smirnov, V. A. and Steinhauser, M.",
      title          = "{Quark and gluon form factors to three loops}",
      journal        = "Phys. Rev. Lett.",
      volume         = "102",
      year           = "2009",
      pages          = "212002",
      doi            = "10.1103/PhysRevLett.102.212002",
      eprint         = "0902.3519",
      archivePrefix  = "arXiv",
      primaryClass   = "hep-ph",
      reportNumber   = "SFB-CPP-09-19, TTP09-05",
      SLACcitation   = "%%CITATION = ARXIV:0902.3519;%%"
}

% three loops to Higgs in gluon fusion
@article{Gehrmann:2010ue,
      author         = "Gehrmann, T. and Glover, E. W. N. and Huber, T. and
                        Ikizlerli, N. and Studerus, C.",
      title          = "{Calculation of the quark and gluon form factors to
three
                        loops in QCD}",
      journal        = "JHEP",
      volume         = "06",
      year           = "2010",
      pages          = "094",
      doi            = "10.1007/JHEP06(2010)094",
      eprint         = "1004.3653",
      archivePrefix  = "arXiv",
      primaryClass   = "hep-ph",
      reportNumber   = "ZU-TH-07-10, IPPP-10-26, SI-HEP-2010-09, ZU--TH-07-10",
      SLACcitation   = "%%CITATION = ARXIV:1004.3653;%%"
}


@article{Bozzi:2003jy,
      author         = "Bozzi, Giuseppe and Catani, Stefano and de Florian,
      Daniel and Grazzini, Massimiliano",
      title          = "{The q(T) spectrum of the Higgs boson at the LHC in QCD
                        perturbation theory}",
      journal        = "Phys. Lett.",
      volume         = "B564",
      year           = "2003",
      pages          = "65-72",
      doi            = "10.1016/S0370-2693(03)00656-7",
      eprint         = "hep-ph/0302104",
      archivePrefix  = "arXiv",
      primaryClass   = "hep-ph",
      reportNumber   = "CERN-TH-2003-026",
      SLACcitation   = "%%CITATION = HEP-PH/0302104;%%"
}

@article{Collins:1984kg,
      author         = "Collins, John C. and Soper, Davison E. and Sterman,
                        George F.",
      title          = "{Transverse Momentum Distribution in Drell-Yan Pair and
W
                        and Z Boson Production}",
      journal        = "Nucl. Phys.",
      volume         = "B250",
      year           = "1985",
      pages          = "199",
      doi            = "10.1016/0550-3213(85)90479-1",
      reportNumber   = "CERN-TH-3923",
      SLACcitation   = "%%CITATION = NUPHA,B250,199;%%"
}

@article{Gehrmann:2014yya,
      author         = "Gehrmann, Thomas and Luebbert, Thomas and Yang, Li Lin",
      title          = "{Calculation of the transverse parton distribution
                        functions at next-to-next-to-leading order}",
      journal        = "JHEP",
      volume         = "06",
      year           = "2014",
      pages          = "155",
      doi            = "10.1007/JHEP06(2014)155",
      eprint         = "1403.6451",
      archivePrefix  = "arXiv",
      primaryClass   = "hep-ph",
      reportNumber   = "DESY-14-037",
      SLACcitation   = "%%CITATION = ARXIV:1403.6451;%%"
}

@article{Gehrmann:2012ze,
      author         = "Gehrmann, Thomas and Lubbert, Thomas and Yang, Li Lin",
      title          = "{Transverse parton distribution functions at
                        next-to-next-to-leading order: the quark-to-quark
case}",
      journal        = "Phys. Rev. Lett.",
      volume         = "109",
      year           = "2012",
      pages          = "242003",
      doi            = "10.1103/PhysRevLett.109.242003",
      eprint         = "1209.0682",
      archivePrefix  = "arXiv",
      primaryClass   = "hep-ph",
      SLACcitation   = "%%CITATION = ARXIV:1209.0682;%%"
}

@article{Catani:2012qa,
      author         = "Catani, Stefano and Cieri, Leandro and de Florian,
Daniel
                        and Ferrera, Giancarlo and Grazzini, Massimiliano",
      title          = "{Vector boson production at hadron colliders:
                        hard-collinear coefficients at the NNLO}",
      journal        = "Eur. Phys. J.",
      volume         = "C72",
      year           = "2012",
      pages          = "2195",
      doi            = "10.1140/epjc/s10052-012-2195-7",
      eprint         = "1209.0158",
      archivePrefix  = "arXiv",
      primaryClass   = "hep-ph",
      reportNumber   = "ZU-TH-16-12",
      SLACcitation   = "%%CITATION = ARXIV:1209.0158;%%"
}

@article{Catani:2011kr,
      author         = "Catani, S. and Grazzini, M.",
      title          = "{Higgs Boson Production at Hadron Colliders:
                        Hard-Collinear Coefficients at the NNLO}",
      journal        = "Eur. Phys. J.",
      volume         = "C72",
      year           = "2012",
      pages          = "2013",
      doi            = "10.1140/epjc/s10052-012-2013-2,
                        10.1140/epjc/s10052-012-2132-9",
      note           = "[Erratum: Eur. Phys. J.C72,2132(2012)]",
      eprint         = "1106.4652",
      archivePrefix  = "arXiv",
      primaryClass   = "hep-ph",
      reportNumber   = "ZU-TH-12-11",
      SLACcitation   = "%%CITATION = ARXIV:1106.4652;%%"
}

@article{Becher:2014oda,
      author         = "Becher, Thomas and Broggio, Alessandro and Ferroglia,
                        Andrea",
      title          = "{Introduction to Soft-Collinear Effective Theory}",
      doi            = "10.1007/978-3-319-14848-9",
      year           = "2014",
      eprint         = "1410.1892",
      volume         = "arXiv:1410.1892",
      archivePrefix  = "arXiv",
      primaryClass   = "hep-ph",
      reportNumber   = "PSI-PR-14-12",
      SLACcitation   = "%%CITATION = ARXIV:1410.1892;%%"
}

@article{Becher:2013xia,
      author         = "Becher, Thomas and Neubert, Matthias and Rothen,
Lorena",
      title          = "{Factorization and $N^{3}LL_{p}$+NNLO predictions for
the
                        Higgs cross section with a jet veto}",
      journal        = "JHEP",
      volume         = "10",
      year           = "2013",
      pages          = "125",
      doi            = "10.1007/JHEP10(2013)125",
      eprint         = "1307.0025",
      archivePrefix  = "arXiv",
      primaryClass   = "hep-ph",
      reportNumber   = "MITP-13-37, PHY11-25915",
      SLACcitation   = "%%CITATION = ARXIV:1307.0025;%%"
}


@article{Khachatryan:2014jba,
      author         = "Khachatryan, Vardan and others",
      title          = "{Precise determination of the mass of the Higgs boson
and
                        tests of compatibility of its couplings with the
standard
                        model predictions using proton collisions at 7 and 8
                        $\,\text {TeV}$}",
      collaboration  = "CMS",
      journal        = "Eur. Phys. J.",
      volume         = "C75",
      year           = "2015",
      number         = "5",
      pages          = "212",
      doi            = "10.1140/epjc/s10052-015-3351-7",
      eprint         = "1412.8662",
      archivePrefix  = "arXiv",
      primaryClass   = "hep-ex",
      reportNumber   = "CMS-HIG-14-009, CERN-PH-EP-2014-288",
      SLACcitation   = "%%CITATION = ARXIV:1412.8662;%%"
}

@article{Aad:2014eha,
      author         = "Aad, Georges and others",
      title          = "{Measurement of Higgs boson production in the diphoton
                        decay channel in pp collisions at center-of-mass
energies
                        of 7 and 8 TeV with the ATLAS detector}",
      collaboration  = "ATLAS",
      journal        = "Phys. Rev.",
      volume         = "D90",
      year           = "2014",
      number         = "11",
      pages          = "112015",
      doi            = "10.1103/PhysRevD.90.112015",
      eprint         = "1408.7084",
      archivePrefix  = "arXiv",
      primaryClass   = "hep-ex",
      reportNumber   = "CERN-PH-EP-2014-198",
      SLACcitation   = "%%CITATION = ARXIV:1408.7084;%%"
}

@article{Inami:1982xt,
      author         = "Inami, Takeo and Kubota, Takahiro and Okada, Yasuhiro",
      title          = "{Effective Gauge Theory and the Effect of Heavy Quarks
in
                        Higgs Boson Decays}",
      journal        = "Z. Phys.",
      volume         = "C18",
      year           = "1983",
      pages          = "69",
      doi            = "10.1007/BF01571710",
      reportNumber   = "HEP 82/5",
      SLACcitation   = "%%CITATION = ZEPYA,C18,69;%%"
}


@article{Becher:2012qa,
      author         = "Becher, Thomas and Neubert, Matthias",
      title          = "{Factorization and NNLL Resummation for Higgs Production
                        with a Jet Veto}",
      journal        = "JHEP",
      volume         = "07",
      year           = "2012",
      pages          = "108",
      doi            = "10.1007/JHEP07(2012)108",
      eprint         = "1205.3806",
      archivePrefix  = "arXiv",
      primaryClass   = "hep-ph",
      reportNumber   = "MZ-TH-12-18",
      SLACcitation   = "%%CITATION = ARXIV:1205.3806;%%"
}

@article{Boughezal:2013uia,
      author         = "Boughezal, Radja and Caola, Fabrizio and Melnikov,
                        Kirill and Petriello, Frank and Schulze, Markus",
      title          = "{Higgs boson production in association with a jet at
                        next-to-next-to-leading order in perturbative QCD}",
      journal        = "JHEP",
      volume         = "06",
      year           = "2013",
      pages          = "072",
      doi            = "10.1007/JHEP06(2013)072",
      eprint         = "1302.6216",
      archivePrefix  = "arXiv",
      primaryClass   = "hep-ph",
      reportNumber   = "ANL-HEP-PR-13-13",
      SLACcitation   = "%%CITATION = ARXIV:1302.6216;%%"
}


@article{Gehrmann:2010tu,
      author         = "Gehrmann, T. and Glover, E. W. N. and Huber, T. and
                        Ikizlerli, N. and Studerus, C.",
      title          = "{The quark and gluon form factors to three loops in QCD
                        through to O(eps^2)}",
      journal        = "JHEP",
      volume         = "11",
      year           = "2010",
      pages          = "102",
      doi            = "10.1007/JHEP11(2010)102",
      eprint         = "1010.4478",
      archivePrefix  = "arXiv",
      primaryClass   = "hep-ph",
      reportNumber   = "ZU-TH-15-10, IPPP-10-88, SI-HEP-2010-16, BI-TP-2010-38",
      SLACcitation   = "%%CITATION = ARXIV:1010.4478;%%"
}


@article{Smirnov:2014hma,
      author         = "Smirnov, Alexander V.",
      title          = "{FIRE5: a C++ implementation of Feynman Integral
                        REduction}",
      journal        = "Comput. Phys. Commun.",
      volume         = "189",
      year           = "2014",
      pages          = "182-191",
      doi            = "10.1016/j.cpc.2014.11.024",
      eprint         = "1408.2372",
      archivePrefix  = "arXiv",
      primaryClass   = "hep-ph",
      reportNumber   = "SFB-CPP-14-60",
      SLACcitation   = "%%CITATION = ARXIV:1408.2372;%%"
}

@article{vonManteuffel:2012np,
      author         = "von Manteuffel, A. and Studerus, C.",
      title          = "{Reduze 2 - Distributed Feynman Integral Reduction}",
      year           = "2012",
      eprint         = "1201.4330",
      volume         = "arXiv:1201.4330",
      archivePrefix  = "arXiv",
      primaryClass   = "hep-ph",
      reportNumber   = "ZU-TH-01-12, MZ-TH-12-03, BI-TP-2012-02",
      SLACcitation   = "%%CITATION = ARXIV:1201.4330;%%"
}

@article{Czakon:idsolver,
      author         = "Czakon, Michał",
      title          = "{IdSolver}",
      journal        = "private"
}

@article{Henn:2014qga,
      author         = "Henn, Johannes M.",
      title          = "{Lectures on differential equations for Feynman
                        integrals}",
      journal        = "J. Phys.",
      volume         = "A48",
      year           = "2015",
      pages          = "153001",
      doi            = "10.1088/1751-8113/48/15/153001",
      eprint         = "1412.2296",
      archivePrefix  = "arXiv",
      primaryClass   = "hep-ph",
      SLACcitation   = "%%CITATION = ARXIV:1412.2296;%%"
}

@article{Boughezal:2015dra,
      author         = "Boughezal, Radja and Caola, Fabrizio and Melnikov,
Kirill
                        and Petriello, Frank and Schulze, Markus",
      title          = "{Higgs boson production in association with a jet at
                        next-to-next-to-leading order}",
      journal        = "Phys. Rev. Lett.",
      volume         = "115",
      year           = "2015",
      number         = "8",
      pages          = "082003",
      doi            = "10.1103/PhysRevLett.115.082003",
      eprint         = "1504.07922",
      archivePrefix  = "arXiv",
      primaryClass   = "hep-ph",
      reportNumber   = "CERN-PH-TH-2015-056, TTP15-017",
      SLACcitation   = "%%CITATION = ARXIV:1504.07922;%%"
}

@article{Rubin:2010xp,
      author         = "Rubin, Mathieu and Salam, Gavin P. and Sapeta,
Sebastian",
      title          = "{Giant QCD K-factors beyond NLO}",
      journal        = "JHEP",
      volume         = "09",
      year           = "2010",
      pages          = "084",
      doi            = "10.1007/JHEP09(2010)084",
      eprint         = "1006.2144",
      archivePrefix  = "arXiv",
      primaryClass   = "hep-ph",
      SLACcitation   = "%%CITATION = ARXIV:1006.2144;%%"
}


@article{Kotko:2015ura,
      author         = "Kotko, P. and Kutak, K. and Marquet, C. and Petreska, E.
                        and Sapeta, S. and van Hameren, A.",
      title          = "{Improved TMD factorization for forward dijet production
                        in dilute-dense hadronic collisions}",
      journal        = "JHEP",
      volume         = "09",
      year           = "2015",
      pages          = "106",
      doi            = "10.1007/JHEP09(2015)106",
      eprint         = "1503.03421",
      archivePrefix  = "arXiv",
      primaryClass   = "hep-ph",
      reportNumber   = "CERN-PH-TH-2015-045, CPHT-RR005.0315, IFJPAN-IV-2015-2",
      SLACcitation   = "%%CITATION = ARXIV:1503.03421;%%"
}


@article{Alioli:2013hba,
      author         = "Alioli, Simone and Walsh, Jonathan R.",
      title          = "{Jet Veto Clustering Logarithms Beyond Leading Order}",
      journal        = "JHEP",
      volume         = "03",
      year           = "2014",
      pages          = "119",
      doi            = "10.1007/JHEP03(2014)119",
      eprint         = "1311.5234",
      archivePrefix  = "arXiv",
      primaryClass   = "hep-ph",
      SLACcitation   = "%%CITATION = ARXIV:1311.5234;%%"
}

% fks
@article{Frixione:1995ms,
      author         = "Frixione, S. and Kunszt, Z. and Signer, A.",
      title          = "{Three jet cross-sections to next-to-leading order}",
      journal        = "Nucl. Phys.",
      volume         = "B467",
      year           = "1996",
      pages          = "399-442",
      doi            = "10.1016/0550-3213(96)00110-1",
      eprint         = "hep-ph/9512328",
      archivePrefix  = "arXiv",
      primaryClass   = "hep-ph",
      reportNumber   = "SLAC-PUB-7073, SLAC-PUB-95-7073, ETH-TH-95-42",
      SLACcitation   = "%%CITATION = HEP-PH/9512328;%%"
}

% sector decomposition 1
@article{Binoth:2000ps,
      author         = "Binoth, T. and Heinrich, G.",
      title          = "{An automatized algorithm to compute infrared divergent
                        multiloop integrals}",
      journal        = "Nucl. Phys.",
      volume         = "B585",
      year           = "2000",
      pages          = "741-759",
      doi            = "10.1016/S0550-3213(00)00429-6",
      eprint         = "hep-ph/0004013",
      archivePrefix  = "arXiv",
      primaryClass   = "hep-ph",
      reportNumber   = "LAPTH-789-00, LPT-ORSAY-00-37",
      SLACcitation   = "%%CITATION = HEP-PH/0004013;%%"
}

% sector decomposition 2
@article{Anastasiou:2003gr,
      author         = "Anastasiou, Charalampos and Melnikov, Kirill and
                        Petriello, Frank",
      title          = "{A new method for real radiation at NNLO}",
      journal        = "Phys. Rev.",
      volume         = "D69",
      year           = "2004",
      pages          = "076010",
      doi            = "10.1103/PhysRevD.69.076010",
      eprint         = "hep-ph/0311311",
      archivePrefix  = "arXiv",
      primaryClass   = "hep-ph",
      reportNumber   = "SLAC-PUB-10252, UH-511-1039-03",
      SLACcitation   = "%%CITATION = HEP-PH/0311311;%%"
}

% n-jettiness subtraction
@article{Boughezal:2015dva,
      author         = "Boughezal, Radja and Focke, Christfried and Liu, Xiaohui
                        and Petriello, Frank",
      title          = "{$W$-boson production in association with a jet at
                        next-to-next-to-leading order in perturbative QCD}",
      journal        = "Phys. Rev. Lett.",
      volume         = "115",
      year           = "2015",
      number         = "6",
      pages          = "062002",
      doi            = "10.1103/PhysRevLett.115.062002",
      eprint         = "1504.02131",
      archivePrefix  = "arXiv",
      primaryClass   = "hep-ph",
      SLACcitation   = "%%CITATION = ARXIV:1504.02131;%%"
}

% stripper 2
@article{Czakon:2011ve,
      author         = "Czakon, Michał",
      title          = "{Double-real radiation in hadronic top quark pair
                        production as a proof of a certain concept}",
      journal        = "Nucl. Phys.",
      volume         = "B849",
      year           = "2011",
      pages          = "250-295",
      doi            = "10.1016/j.nuclphysb.2011.03.020",
      eprint         = "1101.0642",
      archivePrefix  = "arXiv",
      primaryClass   = "hep-ph",
      reportNumber   = "TTK-10-58, SFB-CPP-10-134",
      SLACcitation   = "%%CITATION = ARXIV:1101.0642;%%"
}

@article{Chen:2014gva,
      author         = "Chen, X. and Gehrmann, T. and Glover, E. W. N. and
                        Jaquier, M.",
      title          = "{Precise QCD predictions for the production of Higgs +
                        jet final states}",
      journal        = "Phys. Lett.",
      volume         = "B740",
      year           = "2015",
      pages          = "147-150",
      doi            = "10.1016/j.physletb.2014.11.021",
      eprint         = "1408.5325",
      archivePrefix  = "arXiv",
      primaryClass   = "hep-ph",
      reportNumber   = "IPPP-14-64, ZU-TH-27-14",
      SLACcitation   = "%%CITATION = ARXIV:1408.5325;%%"
}

@article{Boughezal:2015aha,
      author         = "Boughezal, Radja and Focke, Christfried and Giele,
                        Walter
                        and Liu, Xiaohui and Petriello, Frank",
      title          = "{Higgs boson production in association with a jet at
                        NNLO
                        using jettiness subtraction}",
      journal        = "Phys. Lett.",
      volume         = "B748",
      year           = "2015",
      pages          = "5-8",
      doi            = "10.1016/j.physletb.2015.06.055",
      eprint         = "1505.03893",
      archivePrefix  = "arXiv",
      primaryClass   = "hep-ph",
      reportNumber   = "FERMILAB-PUB-15-210-T",
      SLACcitation   = "%%CITATION = ARXIV:1505.03893;%%"
}

@article{Somogyi:2005xz,
      author         = "Somogyi, Gabor and Trocsanyi, Zoltan and Del Duca,
                        Vittorio",
      title          = "{Matching of singly- and doubly-unresolved limits of
                        tree-level QCD squared matrix elements}",
      journal        = "JHEP",
      volume         = "06",
      year           = "2005",
      pages          = "024",
      doi            = "10.1088/1126-6708/2005/06/024",
      eprint         = "hep-ph/0502226",
      archivePrefix  = "arXiv",
      primaryClass   = "hep-ph",
      reportNumber   = "DFTT-05-05",
      SLACcitation   = "%%CITATION = HEP-PH/0502226;%%"
}

@article{DelDuca:2015zqa,
      author         = "Del Duca, Vittorio and Duhr, Claude and Somogyi, Gábor
                        and Tramontano, Francesco and Trócsányi, Zoltán",
      title          = "{Higgs boson decay into b-quarks at NNLO accuracy}",
      journal        = "JHEP",
      volume         = "04",
      year           = "2015",
      pages          = "036",
      doi            = "10.1007/JHEP04(2015)036",
      eprint         = "1501.07226",
      archivePrefix  = "arXiv",
      primaryClass   = "hep-ph",
      reportNumber   = "CERN-PH-TH-2015-005, CP3-14-82",
      SLACcitation   = "%%CITATION = ARXIV:1501.07226;%%"
}

@article{Harlander:2002wh,
      author         = "Harlander, Robert V. and Kilgore, William B.",
      title          = "{Next-to-next-to-leading order Higgs production at
hadron
                        colliders}",
      journal        = "Phys. Rev. Lett.",
      volume         = "88",
      year           = "2002",
      pages          = "201801",
      doi            = "10.1103/PhysRevLett.88.201801",
      eprint         = "hep-ph/0201206",
      archivePrefix  = "arXiv",
      primaryClass   = "hep-ph",
      reportNumber   = "BNL-HET-02-3, CERN-TH-2002-006",
      SLACcitation   = "%%CITATION = HEP-PH/0201206;%%"
}

@article{Jadach:2015mza,
      author         = "Jadach, S. and Płaczek, W. and Sapeta, S. and Siódmok,
                        A. and Skrzypek, M.",
      title          = "{Matching NLO QCD with parton shower in Monte Carlo
                        scheme — the KrkNLO method}",
      journal        = "JHEP",
      volume         = "10",
      year           = "2015",
      pages          = "052",
      doi            = "10.1007/JHEP10(2015)052",
      eprint         = "1503.06849",
      archivePrefix  = "arXiv",
      primaryClass   = "hep-ph",
      reportNumber   = "IFJPAN-IV-2015-1, CERN-PH-TH-2015-061, MCNET-15-06",
      SLACcitation   = "%%CITATION = ARXIV:1503.06849;%%"
}

@article{Kasemets:2015uus,
      author         = "Kasemets, Tomas and Waalewijn, Wouter J. and Zeune,
Lisa",
      title          = "{Calculating Soft Radiation at One Loop}",
      journal        = "JHEP",
      volume         = "03",
      year           = "2016",
      pages          = "153",
      doi            = "10.1007/JHEP03(2016)153",
      eprint         = "1512.00857",
      archivePrefix  = "arXiv",
      primaryClass   = "hep-ph",
      reportNumber   = "NIKHEF-2015-043",
      SLACcitation   = "%%CITATION = ARXIV:1512.00857;%%"
}

@article{Zhu:2012ts,
      author         = "Zhu, Hua Xing and Li, Chong Sheng and Li, Hai Tao and
                        Shao, Ding Yu and Yang, Li Lin",
      title          = "{Transverse-momentum resummation for top-quark pairs at
                        hadron colliders}",
      journal        = "Phys. Rev. Lett.",
      volume         = "110",
      year           = "2013",
      number         = "8",
      pages          = "082001",
      doi            = "10.1103/PhysRevLett.110.082001",
      eprint         = "1208.5774",
      archivePrefix  = "arXiv",
      primaryClass   = "hep-ph",
      reportNumber   = "ZU-TH-17-12",
      SLACcitation   = "%%CITATION = ARXIV:1208.5774;%%"
}


@article{Moch:2004pa,
      author         = "Moch, Sven and Vermaseren, Jos A. M. and Vogt, Andreas",
      title          = "{The Three loop splitting functions in QCD: The
                        Nonsinglet case}",
      journal        = "Nucl. Phys.",
      volume         = "B688",
      year           = "2004",
      pages          = "101-134",
      doi            = "10.1016/j.nuclphysb.2004.03.030",
      eprint         = "hep-ph/0403192",
      archivePrefix  = "arXiv",
      primaryClass   = "hep-ph",
      reportNumber   = "DESY-04-047, SFB-CPP-04-09, NIKHEF-04-001",
      SLACcitation   = "%%CITATION = HEP-PH/0403192;%%"
}

@article{Becher:2009qa,
      author         = "Becher, Thomas and Neubert, Matthias",
      title          = "{On the Structure of Infrared Singularities of
                        Gauge-Theory Amplitudes}",
      journal        = "JHEP",
      volume         = "06",
      year           = "2009",
      pages          = "081",
      doi            = "10.1088/1126-6708/2009/06/081, 10.1007/JHEP11(2013)024",
      note           = "[Erratum: JHEP11,024(2013)]",
      eprint         = "0903.1126",
      archivePrefix  = "arXiv",
      primaryClass   = "hep-ph",
      reportNumber   = "FERMILAB-PUB-09-061-T, MZ-TH-09-05",
      SLACcitation   = "%%CITATION = ARXIV:0903.1126;%%"
}

@article{Becher:2009kw,
      author         = "Becher, Thomas and Neubert, Matthias",
      title          = "{Infrared singularities of QCD amplitudes with massive
                        partons}",
      journal        = "Phys. Rev.",
      volume         = "D79",
      year           = "2009",
      pages          = "125004",
      doi            = "10.1103/PhysRevD.79.125004, 10.1103/PhysRevD.80.109901",
      note           = "[Erratum: Phys. Rev.D80,109901(2009)]",
      eprint         = "0904.1021",
      archivePrefix  = "arXiv",
      primaryClass   = "hep-ph",
      reportNumber   = "FERMILAB-PUB-09-099-T, MZ-TH-09-11",
      SLACcitation   = "%%CITATION = ARXIV:0904.1021;%%"
}

@article{Ferroglia:2009ep,
      author         = "Ferroglia, Andrea and Neubert, Matthias and Pecjak, Ben
                        D. and Yang, Li Lin",
      title          = "{Two-loop divergences of scattering amplitudes with
                        massive partons}",
      journal        = "Phys. Rev. Lett.",
      volume         = "103",
      year           = "2009",
      pages          = "201601",
      doi            = "10.1103/PhysRevLett.103.201601",
      eprint         = "0907.4791",
      archivePrefix  = "arXiv",
      primaryClass   = "hep-ph",
      reportNumber   = "MZ-TH-09-25",
      SLACcitation   = "%%CITATION = ARXIV:0907.4791;%%"
}


@article{Ferroglia:2009ii,
      author         = "Ferroglia, Andrea and Neubert, Matthias and Pecjak, Ben
                        D. and Yang, Li Lin",
      title          = "{Two-loop divergences of massive scattering amplitudes
in
                        non-abelian gauge theories}",
      journal        = "JHEP",
      volume         = "11",
      year           = "2009",
      pages          = "062",
      doi            = "10.1088/1126-6708/2009/11/062",
      eprint         = "0908.3676",
      archivePrefix  = "arXiv",
      primaryClass   = "hep-ph",
      reportNumber   = "MZ-TH-09-28",
      SLACcitation   = "%%CITATION = ARXIV:0908.3676;%%"
}


@article{Korchemsky:1987wg,
      author         = "Korchemsky, Gregory P. and Radyushkin, Anatoly V.",
      title          = "{Renormalization of the Wilson Loops Beyond the Leading
                        Order}",
      journal        = "Nucl. Phys.",
      volume         = "B283",
      year           = "1987",
      pages          = "342-364",
      doi            = "10.1016/0550-3213(87)90277-X",
      SLACcitation   = "%%CITATION = NUPHA,B283,342;%%"
}


@article{Korchemsky:1991zp,
      author         = "Korchemsky, Gregory P. and Radyushkin, Anatoly V.",
      title          = "{Infrared factorization, Wilson lines and the heavy
quark
                        limit}",
      journal        = "Phys. Lett.",
      volume         = "B279",
      year           = "1992",
      pages          = "359-366",
      doi            = "10.1016/0370-2693(92)90405-S",
      eprint         = "hep-ph/9203222",
      archivePrefix  = "arXiv",
      primaryClass   = "hep-ph",
      reportNumber   = "CPT-91-P-2629",
      SLACcitation   = "%%CITATION = HEP-PH/9203222;%%"
}

@article{Kidonakis:2009ev,
      author         = "Kidonakis, Nikolaos",
      title          = "{Two-loop soft anomalous dimensions and NNLL resummation
                        for heavy quark production}",
      journal        = "Phys. Rev. Lett.",
      volume         = "102",
      year           = "2009",
      pages          = "232003",
      doi            = "10.1103/PhysRevLett.102.232003",
      eprint         = "0903.2561",
      archivePrefix  = "arXiv",
      primaryClass   = "hep-ph",
      SLACcitation   = "%%CITATION = ARXIV:0903.2561;%%"
}

@article{Hahn:2004fe,
      author         = "Hahn, Thomas",
      title          = "{CUBA: A Library for multidimensional numerical
                        integration}",
      journal        = "Comput. Phys. Commun.",
      volume         = "168",
      year           = "2005",
      pages          = "78-95",
      doi            = "10.1016/j.cpc.2005.01.010",
      eprint         = "hep-ph/0404043",
      archivePrefix  = "arXiv",
      primaryClass   = "hep-ph",
      reportNumber   = "MPP-2004-40",
      SLACcitation   = "%%CITATION = HEP-PH/0404043;%%"
}

@article{Hahn:2014fua,
      author         = "Hahn, Thomas",
      title          = "{Concurrent Cuba}",
      booktitle      = "{Proceedings, 16th International workshop on Advanced
                        Computing and Analysis Techniques in physics (ACAT
14)}",
      journal        = "J. Phys. Conf. Ser.",
      volume         = "608",
      year           = "2015",
      number         = "1",
      pages          = "012066",
      doi            = "10.1088/1742-6596/608/1/012066",
      eprint         = "1408.6373",
      archivePrefix  = "arXiv",
      primaryClass   = "physics.comp-ph",
      reportNumber   = "MPP-2014-327",
      SLACcitation   = "%%CITATION = ARXIV:1408.6373;%%"
}

@Book{Ellis,
     author    = "Ellis, R. K. and Stirling, W. J. and Webber, B. R.",
     title     = "QCD and Collider Physics",
     publisher = "Cambridge University Press",
     year      = "2003"
}


@book{Lancaster:1629337,
      author        = "Lancaster, Tom and Blundell, Stephen J",
      title         = "{Quantum field theory for the gifted amateur}",
      publisher     = "Oxford University Press",
      address       = "Oxford",
      month         = "Apr",
      year          = "2014",
      url           = "https://cds.cern.ch/record/1629337",
}

@book{Itzykson:100772,
      author        = "Itzykson, Claude and Zuber, Jean-Bernard",
      title         = "{Quantum field theory}",
      publisher     = "McGraw-Hill",
      address       = "New York, NY",
      series        = "International series in pure and applied physics",
      year          = "1980",
      url           = "https://cds.cern.ch/record/100772",
      note          = "Also a reprint ed.: Mineola, Dover, 2005",
}


@Book{DKS,
     author    = "Dissertori, G. and Knowles, I. and Schmelling, M.",
     title     = "Quantum Chromodynamics, High Energy Experiments and Theory",
     publisher = "Oxford University Press",
     year      = "2003"
}

@article{Czakon:2014oma,
      author         = "Czakon, Michał and Heymes, David",
      title          = "{Four-dimensional formulation of the sector-improved
                        residue subtraction scheme}",
      journal        = "Nucl. Phys.",
      volume         = "B890",
      year           = "2014",
      pages          = "152-227",
      doi            = "10.1016/j.nuclphysb.2014.11.006",
      eprint         = "1408.2500",
      archivePrefix  = "arXiv",
      primaryClass   = "hep-ph",
      reportNumber   = "TTK-14-16",
      SLACcitation   = "%%CITATION = ARXIV:1408.2500;%%"
}

@article{Baak:2014ora,
      author         = "Baak, M. and Cúth, J. and Haller, J. and Hoecker, A. and
                        Kogler, R. and Mönig, K. and Schott, M. and Stelzer, 
                        J.",
      title          = "{The global electroweak fit at NNLO and prospects for
                         the LHC and ILC}",
      collaboration  = "Gfitter Group",
      journal        = "Eur. Phys. J.",
      volume         = "C74",
      year           = "2014",
      pages          = "3046",
      doi            = "10.1140/epjc/s10052-014-3046-5",
      eprint         = "1407.3792",
      archivePrefix  = "arXiv",
      primaryClass   = "hep-ph",
      reportNumber   = "DESY-14-124",
      SLACcitation   = "%%CITATION = ARXIV:1407.3792;%%"
}


@article{Buttazzo:2013uya,
      author         = "Buttazzo, Dario and Degrassi, Giuseppe and Giardino, Pier
                        Paolo and Giudice, Gian F. and Sala, Filippo and Salvio,
                        Alberto and Strumia, Alessandro",
      title          = "{Investigating the near-criticality of the Higgs
boson}",
      journal        = "JHEP",
      volume         = "12",
      year           = "2013",
      pages          = "089",
      doi            = "10.1007/JHEP12(2013)089",
      eprint         = "1307.3536",
      archivePrefix  = "arXiv",
      primaryClass   = "hep-ph",
      reportNumber   = "CERN-PH-TH-2013-166, FTUAM-13-20, IFT-UAM-CSIC-13-081,
                        IFUP-TH",
      SLACcitation   = "%%CITATION = ARXIV:1307.3536;%%"
}


@article{Becher:2011xn,
      author         = "Becher, Thomas and Neubert, Matthias and Wilhelm,
Daniel",
      title          = "{Electroweak Gauge-Boson Production at Small $q_T$:
                        Infrared Safety from the Collinear Anomaly}",
      journal        = "JHEP",
      volume         = "02",
      year           = "2012",
      pages          = "124",
      doi            = "10.1007/JHEP02(2012)124",
      eprint         = "1109.6027",
      archivePrefix  = "arXiv",
      primaryClass   = "hep-ph",
      reportNumber   = "MZ-TH-11-29",
      SLACcitation   = "%%CITATION = ARXIV:1109.6027;%%"
}

@article{Pecjak:2016nee,
      author         = "Pecjak, Benjamin D. and Scott, Darren J. and Wang, Xing
                        and Yang, Li Lin",
      title          = "{Resummed differential cross sections for top-quark
pairs
                        at the LHC}",
      journal        = "Phys. Rev. Lett.",
      volume         = "116",
      year           = "2016",
      number         = "20",
      pages          = "202001",
      doi            = "10.1103/PhysRevLett.116.202001",
      eprint         = "1601.07020",
      archivePrefix  = "arXiv",
      primaryClass   = "hep-ph",
      reportNumber   = "IPPP-16-04",
      SLACcitation   = "%%CITATION = ARXIV:1601.07020;%%"
}

@article{Catani:2009sm,
      author         = "Catani, Stefano and Cieri, Leandro and Ferrera,
Giancarlo
                        and de Florian, Daniel and Grazzini, Massimiliano",
      title          = "{Vector boson production at hadron colliders: a fully
                        exclusive QCD calculation at NNLO}",
      journal        = "Phys. Rev. Lett.",
      volume         = "103",
      year           = "2009",
      pages          = "082001",
      doi            = "10.1103/PhysRevLett.103.082001",
      eprint         = "0903.2120",
      archivePrefix  = "arXiv",
      primaryClass   = "hep-ph",
      SLACcitation   = "%%CITATION = ARXIV:0903.2120;%%"
}

@article{Catani:2015vma,
      author         = "Catani, Stefano and de Florian, Daniel and Ferrera,
                        Giancarlo and Grazzini, Massimiliano",
      title          = "{Vector boson production at hadron colliders:
                        transverse-momentum resummation and leptonic decay}",
      journal        = "JHEP",
      volume         = "12",
      year           = "2015",
      pages          = "047",
      doi            = "10.1007/JHEP12(2015)047",
      eprint         = "1507.06937",
      archivePrefix  = "arXiv",
      primaryClass   = "hep-ph",
      reportNumber   = "ICAS-02-15, TIF-UNIMI-2015-10, ZU-TH-24-15",
      SLACcitation   = "%%CITATION = ARXIV:1507.06937;%%"
}

@article{Bozzi:2010xn,
      author         = "Bozzi, Giuseppe and Catani, Stefano and Ferrera,
                        Giancarlo and de Florian, Daniel and Grazzini,
                        Massimiliano",
      title          = "{Production of Drell-Yan lepton pairs in hadron
                        collisions: Transverse-momentum resummation at
                        next-to-next-to-leading logarithmic accuracy}",
      journal        = "Phys. Lett.",
      volume         = "B696",
      year           = "2011",
      pages          = "207-213",
      doi            = "10.1016/j.physletb.2010.12.024",
      eprint         = "1007.2351",
      archivePrefix  = "arXiv",
      primaryClass   = "hep-ph",
      SLACcitation   = "%%CITATION = ARXIV:1007.2351;%%"
}

@article{Gavin:2012sy,
      author         = "Gavin, Ryan and Li, Ye and Petriello, Frank and
                        Quackenbush, Seth",
      title          = "{W Physics at the LHC with FEWZ 2.1}",
      journal        = "Comput. Phys. Commun.",
      volume         = "184",
      year           = "2013",
      pages          = "208-214",
      doi            = "10.1016/j.cpc.2012.09.005",
      eprint         = "1201.5896",
      archivePrefix  = "arXiv",
      primaryClass   = "hep-ph",
      reportNumber   = "ANL-HEP-PR-11-83, NUHEP-TH-12-01, PSI-PR-12-01",
      SLACcitation   = "%%CITATION = ARXIV:1201.5896;%%"
}

@article{Czakon:2013goa,
      author         = "Czakon, Michał and Fiedler, Paul and Mitov, Alexander",
      title          = "{Total Top-Quark Pair-Production Cross Section at Hadron
                        Colliders Through $O(\alpha\frac{4}{S})$}",
      journal        = "Phys. Rev. Lett.",
      volume         = "110",
      year           = "2013",
      pages          = "252004",
      doi            = "10.1103/PhysRevLett.110.252004",
      eprint         = "1303.6254",
      archivePrefix  = "arXiv",
      primaryClass   = "hep-ph",
      reportNumber   = "CERN-PH-TH-2013-056, TTK-13-08",
      SLACcitation   = "%%CITATION = ARXIV:1303.6254;%%"
}

@article{Czakon:2015owf,
      author         = "Czakon, Michał and Heymes, David and Mitov, Alexander",
      title          = "{High-precision differential predictions for top-quark
                        pairs at the LHC}",
      journal        = "Phys. Rev. Lett.",
      volume         = "116",
      year           = "2016",
      number         = "8",
      pages          = "082003",
      doi            = "10.1103/PhysRevLett.116.082003",
      eprint         = "1511.00549",
      archivePrefix  = "arXiv",
      primaryClass   = "hep-ph",
      reportNumber   = "CAVENDISH-HEP-15-10, TTK-15-34",
      SLACcitation   = "%%CITATION = ARXIV:1511.00549;%%"
}

@article{Czakon:2009zw,
      author         = "Czakon, Michał and Mitov, Alexander and Sterman, George
                        F.",
      title          = "{Threshold Resummation for Top-Pair Hadroproduction to
                        Next-to-Next-to-Leading Log}",
      journal        = "Phys. Rev.",
      volume         = "D80",
      year           = "2009",
      pages          = "074017",
      doi            = "10.1103/PhysRevD.80.074017",
      eprint         = "0907.1790",
      archivePrefix  = "arXiv",
      primaryClass   = "hep-ph",
      reportNumber   = "PITHA-09-17, ITP-SB-09-20",
      SLACcitation   = "%%CITATION = ARXIV:0907.1790;%%"
}


@article{Cacciari:2011hy,
      author         = "Cacciari, Matteo and Czakon, Michał and Mangano,
                        Michelangelo and Mitov, Alexander and Nason, Paolo",
      title          = "{Top-pair production at hadron colliders with
                        next-to-next-to-leading logarithmic soft-gluon
                        resummation}",
      journal        = "Phys. Lett.",
      volume         = "B710",
      year           = "2012",
      pages          = "612-622",
      doi            = "10.1016/j.physletb.2012.03.013",
      eprint         = "1111.5869",
      archivePrefix  = "arXiv",
      primaryClass   = "hep-ph",
      reportNumber   = "CERN-PH-TH-2011-277, TTK-11-54",
      SLACcitation   = "%%CITATION = ARXIV:1111.5869;%%"
}

@article{Aaboud:2016btc,
      author         = "Aaboud, Morad and others",
      title          = "{Precision measurement and interpretation of inclusive
                        $W^+$ , $W^-$ and $Z/\gamma ^*$ production cross
sections
                        with the ATLAS detector}",
      collaboration  = "ATLAS",
      journal        = "Eur. Phys. J.",
      volume         = "C77",
      year           = "2017",
      number         = "6",
      pages          = "367",
      doi            = "10.1140/epjc/s10052-017-4911-9",
      eprint         = "1612.03016",
      archivePrefix  = "arXiv",
      primaryClass   = "hep-ex",
      reportNumber   = "CERN-EP-2016-272",
      SLACcitation   = "%%CITATION = ARXIV:1612.03016;%%"
}

@article{Aad:2016naf,
      author         = "Aad, Georges and others",
      title          = "{Measurement of $W^{\pm}$ and $Z$-boson production cross
                        sections in $pp$ collisions at $\sqrt{s}=13$ TeV with
the
                        ATLAS detector}",
      collaboration  = "ATLAS",
      journal        = "Phys. Lett.",
      volume         = "B759",
      year           = "2016",
      pages          = "601-621",
      doi            = "10.1016/j.physletb.2016.06.023",
      eprint         = "1603.09222",
      archivePrefix  = "arXiv",
      primaryClass   = "hep-ex",
      reportNumber   = "CERN-EP-2016-069",
      SLACcitation   = "%%CITATION = ARXIV:1603.09222;%%"
}

@article{Chatrchyan:2014mua,
      author         = "Chatrchyan, Serguei and others",
      title          = "{Measurement of inclusive W and Z boson production cross
                        sections in pp collisions at $\sqrt{s}$ = 8 TeV}",
      collaboration  = "CMS",
      journal        = "Phys. Rev. Lett.",
      volume         = "112",
      year           = "2014",
      pages          = "191802",
      doi            = "10.1103/PhysRevLett.112.191802",
      eprint         = "1402.0923",
      archivePrefix  = "arXiv",
      primaryClass   = "hep-ex",
      reportNumber   = "CMS-SMP-12-011, CERN-PH-EP-2013-217",
      SLACcitation   = "%%CITATION = ARXIV:1402.0923;%%"
}

@article{Aad:2015auj,
      author         = "Aad, Georges and others",
      title          = "{Measurement of the transverse momentum and $\phi
                        ^*_{\eta }$ distributions of Drell–Yan lepton pairs in
                        proton–proton collisions at $\sqrt{s}=8$  TeV with the
                        ATLAS detector}",
      collaboration  = "ATLAS",
      journal        = "Eur. Phys. J.",
      volume         = "C76",
      year           = "2016",
      number         = "5",
      pages          = "291",
      doi            = "10.1140/epjc/s10052-016-4070-4",
      eprint         = "1512.02192",
      archivePrefix  = "arXiv",
      primaryClass   = "hep-ex",
      reportNumber   = "CERN-PH-EP-2015-275",
      SLACcitation   = "%%CITATION = ARXIV:1512.02192;%%"
}

@article{Ridder:2015dxa,
      author         = "Gehrmann-De Ridder, A. and Gehrmann, T. and Glover, E.
W.
                        N. and Huss, A. and Morgan, T. A.",
      title          = "{Precise QCD predictions for the production of a Z boson
                        in association with a hadronic jet}",
      journal        = "Phys. Rev. Lett.",
      volume         = "117",
      year           = "2016",
      number         = "2",
      pages          = "022001",
      doi            = "10.1103/PhysRevLett.117.022001",
      eprint         = "1507.02850",
      archivePrefix  = "arXiv",
      primaryClass   = "hep-ph",
      reportNumber   = "IPPP-15-44, ZU-TH-23-15",
      SLACcitation   = "%%CITATION = ARXIV:1507.02850;%%"
}

@article{Guzzi:2013aja,
      author         = "Guzzi, Marco and Nadolsky, Pavel M. and Wang, Bowen",
      title          = "{Nonperturbative contributions to a resummed leptonic
                        angular distribution in inclusive neutral vector boson
                        production}",
      journal        = "Phys. Rev.",
      volume         = "D90",
      year           = "2014",
      number         = "1",
      pages          = "014030",
      doi            = "10.1103/PhysRevD.90.014030",
      eprint         = "1309.1393",
      archivePrefix  = "arXiv",
      primaryClass   = "hep-ph",
      SLACcitation   = "%%CITATION = ARXIV:1309.1393;%%"
}

@article{Balazs:1997xd,
      author         = "Balazs, C. and Yuan, C. P.",
      title          = "{Soft gluon effects on lepton pairs at hadron
colliders}",
      journal        = "Phys. Rev.",
      volume         = "D56",
      year           = "1997",
      pages          = "5558-5583",
      doi            = "10.1103/PhysRevD.56.5558",
      eprint         = "hep-ph/9704258",
      archivePrefix  = "arXiv",
      primaryClass   = "hep-ph",
      reportNumber   = "MSUHEP-70402, CTEQ-704",
      SLACcitation   = "%%CITATION = HEP-PH/9704258;%%"
}

@article{Becher:2006mr,
      author         = "Becher, Thomas and Neubert, Matthias and Pecjak, Ben
D.",
      title          = "{Factorization and Momentum-Space Resummation in
                        Deep-Inelastic Scattering}",
      journal        = "JHEP",
      volume         = "01",
      year           = "2007",
      pages          = "076",
      doi            = "10.1088/1126-6708/2007/01/076",
      eprint         = "hep-ph/0607228",
      archivePrefix  = "arXiv",
      primaryClass   = "hep-ph",
      reportNumber   = "CLNS-06-1971, FERMILAB-PUB-06-242-T, DFB-CPP-06-32,
                        SI-HEP-2006-09",
      SLACcitation   = "%%CITATION = HEP-PH/0607228;%%"
}

@article{vanHameren:2016ftb,
      author         = "van Hameren, A. and Kotko, P. and Kutak, K. and Marquet,
                        C. and Petreska, E. and Sapeta, S.",
      title          = "{Forward di-jet production in p+Pb collisions in the
                        small-x improved TMD factorization framework}",
      journal        = "JHEP",
      volume         = "12",
      year           = "2016",
      pages          = "034",
      doi            = "10.1007/JHEP12(2016)034",
      eprint         = "1607.03121",
      archivePrefix  = "arXiv",
      primaryClass   = "hep-ph",
      reportNumber   = "CERN-TH-2016-159, CPHT-RR036.072016, IFJPAN-IV-2016-X,
                        CERN-TH-2016-XXX",
      SLACcitation   = "%%CITATION = ARXIV:1607.03121;%%"
}

@article{Sapeta:Radcor17Proc,
      author         = "Sapeta, S.",
      journal        = "PoS RADCROR2017",
      volume         = "{Top pair production at NNLO: an alternative approach}, IFJPAN-IV-2017-23",
      year           =
      "https://indico.desy.de/indico/event/15733/session/6/contribution/50/\\material/slides/0.pdf",
}

@article{Chatrchyan:2011cm,
      author         = "Chatrchyan, Serguei and others",
      title          = "{Measurement of the Drell-Yan Cross Section in $pp$
                        Collisions at $\sqrt{s}=7$ TeV}",
      collaboration  = "CMS",
      journal        = "JHEP",
      volume         = "10",
      year           = "2011",
      pages          = "007",
      doi            = "10.1007/JHEP10(2011)007",
      eprint         = "1108.0566",
      archivePrefix  = "arXiv",
      primaryClass   = "hep-ex",
      reportNumber   = "CERN-PH-EP-2011-093, CMS-EWK-10-007",
      SLACcitation   = "%%CITATION = ARXIV:1108.0566;%%"
}

@article{Ridder:2016nkl,
      author         = "Gehrmann-De Ridder, Aude and Gehrmann, T. and Glover, E.
                        W. N. and Huss, A. and Morgan, T. A.",
      title          = "{The NNLO QCD corrections to Z boson production at large
                        transverse momentum}",
      journal        = "JHEP",
      volume         = "07",
      year           = "2016",
      pages          = "133",
      doi            = "10.1007/JHEP07(2016)133",
      eprint         = "1605.04295",
      archivePrefix  = "arXiv",
      primaryClass   = "hep-ph",
      reportNumber   = "IPPP-16-39, NSF-KITP-16-067, ZU-TH-18-16",
      SLACcitation   = "%%CITATION = ARXIV:1605.04295;%%"
}

@article{Boughezal:2016yfp,
      author         = "Boughezal, Radja and Liu, Xiaohui and Petriello, Frank",
      title          = "{A comparison of NNLO QCD predictions with 7 TeV ATLAS
                        and CMS data for $V$+jet processes}",
      journal        = "Phys. Lett.",
      volume         = "B760",
      year           = "2016",
      pages          = "6-13",
      doi            = "10.1016/j.physletb.2016.06.032",
      eprint         = "1602.05612",
      archivePrefix  = "arXiv",
      primaryClass   = "hep-ph",
      SLACcitation   = "%%CITATION = ARXIV:1602.05612;%%"
}

@article{Boughezal:2015ded,
      author         = "Boughezal, Radja and Campbell, John M. and Ellis, R.
                        Keith and Focke, Christfried and Giele, Walter T. and
Liu,
                        Xiaohui and Petriello, Frank",
      title          = "{Z-boson production in association with a jet at
                        next-to-next-to-leading order in perturbative QCD}",
      journal        = "Phys. Rev. Lett.",
      volume         = "116",
      year           = "2016",
      number         = "15",
      pages          = "152001",
      doi            = "10.1103/PhysRevLett.116.152001",
      eprint         = "1512.01291",
      archivePrefix  = "arXiv",
      primaryClass   = "hep-ph",
      reportNumber   = "FERMILAB-PUB-15-519-T, IPPP-15-79",
      SLACcitation   = "%%CITATION = ARXIV:1512.01291;%%"
}

@article{Mitov:2009sv,
      author         = "Mitov, Alexander and Sterman, George F. and Sung, Ilmo",
      title          = "{The Massive Soft Anomalous Dimension Matrix at Two
                        Loops}",
      journal        = "Phys. Rev.",
      volume         = "D79",
      year           = "2009",
      pages          = "094015",
      doi            = "10.1103/PhysRevD.79.094015",
      eprint         = "0903.3241",
      archivePrefix  = "arXiv",
      primaryClass   = "hep-ph",
      reportNumber   = "YITP-SB-09-06",
      SLACcitation   = "%%CITATION = ARXIV:0903.3241;%%"
}

@article{Lee:2016ixa,
      author         = "Henn, Johannes and Smirnov, Alexander V. and Smirnov,
                        Vladimir A. and Steinhauser, Matthias and Lee, Roman
N.",
      title          = "{Four-loop photon quark form factor and cusp anomalous
                        dimension in the large-$N_c$ limit of QCD}",
      journal        = "JHEP",
      volume         = "03",
      year           = "2017",
      pages          = "139",
      doi            = "10.1007/JHEP03(2017)139",
      eprint         = "1612.04389",
      archivePrefix  = "arXiv",
      primaryClass   = "hep-ph",
      reportNumber   = "TTP16-055, MITP-16-144",
      SLACcitation   = "%%CITATION = ARXIV:1612.04389;%%"
}

@article{Lee:2017mip,
      author         = "Lee, Roman N. and Smirnov, Alexander V. and Smirnov,
                        Vladimir A. and Steinhauser, Matthias",
      title          = "{The $n_f^2$ contributions to fermionic four-loop form
                        factors}",
      journal        = "Phys. Rev.",
      volume         = "D96",
      year           = "2017",
      number         = "1",
      pages          = "014008",
      doi            = "10.1103/PhysRevD.96.014008",
      eprint         = "1705.06862",
      archivePrefix  = "arXiv",
      primaryClass   = "hep-ph",
      reportNumber   = "TTP17-026",
      SLACcitation   = "%%CITATION = ARXIV:1705.06862;%%"
}

@article{vonManteuffel:2016xki,
      author         = "von Manteuffel, Andreas and Schabinger, Robert M.",
      title          = "{Quark and gluon form factors to four-loop order in QCD:
                        the $N_f^3$ contributions}",
      journal        = "Phys. Rev.",
      volume         = "D95",
      year           = "2017",
      number         = "3",
      pages          = "034030",
      doi            = "10.1103/PhysRevD.95.034030",
      eprint         = "1611.00795",
      archivePrefix  = "arXiv",
      primaryClass   = "hep-ph",
      reportNumber   = "MITP-16-097, TCDMATH-16-15",
      SLACcitation   = "%%CITATION = ARXIV:1611.00795;%%"
}

@article{Boels:2017ftb,
      author         = "Boels, Rutger H. and Huber, Tobias and Yang, Gang",
      title          = "{The Sudakov form factor at four loops in maximal super
                        Yang-Mills theory}",
      year           = "2017",
      eprint         = "1711.08449",
      archivePrefix  = "arXiv",
      primaryClass   = "hep-th",
      reportNumber   = "SI-HEP-2017-26",
      SLACcitation   = "%%CITATION = ARXIV:1711.08449;%%"
}

@book{PeskinSchroeder,
      author        = "Peskin, Michael E. and Schroeder Daniel V. ",
      title         = "{An Introduction to Quantum Field Theory}",
      publisher     = "",
      address       = "",
      month         = "",
      year          = "",
}

@book{MyFilesMath,
      author        = "Sapeta, S. ",
      title         = "{Folder with derivations}",
      publisher     = "",
      address       = "",
      month         = "",
      year          = "",
}

@article{Bierenbaum:2011gg,
      author         = "Bierenbaum, Isabella and Czakon, Michał and Mitov,
                        Alexander",
      title          = "{The singular behavior of one-loop massive QCD
amplitudes
                        with one external soft gluon}",
      journal        = "Nucl. Phys.",
      volume         = "B856",
      year           = "2012",
      pages          = "228-246",
      doi            = "10.1016/j.nuclphysb.2011.11.002",
      eprint         = "1107.4384",
      archivePrefix  = "arXiv",
      primaryClass   = "hep-ph",
      reportNumber   = "TTK-11-28, CERN-PH-TH-2011-181",
      SLACcitation   = "%%CITATION = ARXIV:1107.4384;%%"
}

@article{Catani:1999ss,
      author         = "Catani, Stefano and Grazzini, Massimiliano",
      title          = "{Infrared factorization of tree level QCD amplitudes at
                        the next-to-next-to-leading order and beyond}",
      journal        = "Nucl. Phys.",
      volume         = "B570",
      year           = "2000",
      pages          = "287-325",
      doi            = "10.1016/S0550-3213(99)00778-6",
      eprint         = "hep-ph/9908523",
      archivePrefix  = "arXiv",
      primaryClass   = "hep-ph",
      reportNumber   = "CERN-TH-99-263, ETH-TH-99-22",
      SLACcitation   = "%%CITATION = HEP-PH/9908523;%%"
}

@article{Passarino:1978jh,
      author         = "Passarino, G. and Veltman, M. J. G.",
      title          = "{One Loop Corrections for e+ e- Annihilation Into 
                        mu+ mu- in the Weinberg Model}",
      journal        = "Nucl. Phys.",
      volume         = "B160",
      year           = "1979",
      pages          = "151-207",
      doi            = "10.1016/0550-3213(79)90234-7",
      reportNumber   = "Print-79-0284 (UTRECHT)",
      SLACcitation   = "%%CITATION = NUPHA,B160,151;%%"
}

@article{Anastasiou:2002yz,
      author         = "Anastasiou, Charalampos and Melnikov, Kirill",
      title          = "{Higgs boson production at hadron colliders in NNLO
QCD}",
      journal        = "Nucl. Phys.",
      volume         = "B646",
      year           = "2002",
      pages          = "220-256",
      doi            = "10.1016/S0550-3213(02)00837-4",
      eprint         = "hep-ph/0207004",
      archivePrefix  = "arXiv",
      primaryClass   = "hep-ph",
      reportNumber   = "SLAC-PUB-9273",
      SLACcitation   = "%%CITATION = HEP-PH/0207004;%%"
}

@article{Czakon:2018iev,
      author         = "Czakon, Michał and Mitov, Alexander",
      title          = "{A simplified expression for the one-loop soft-gluon
                        current with massive fermions}",
      year           = "2018",
      eprint         = "1804.02069",
      archivePrefix  = "arXiv",
      primaryClass   = "hep-ph",
      reportNumber   = "Cavendish-HEP-18/08, TTK-18-13, CAVENDISH-HEP-18-08,
                        TTK-18-13",
      SLACcitation   = "%%CITATION = ARXIV:1804.02069;%%"
}

@article{Catani:2000pi,
      author         = "Catani, Stefano and Grazzini, Massimiliano",
      title          = "{The soft gluon current at one loop order}",
      journal        = "Nucl. Phys.",
      volume         = "B591",
      year           = "2000",
      pages          = "435-454",
      doi            = "10.1016/S0550-3213(00)00572-1",
      eprint         = "hep-ph/0007142",
      archivePrefix  = "arXiv",
      primaryClass   = "hep-ph",
      reportNumber   = "CERN-TH-2000-184",
      SLACcitation   = "%%CITATION = HEP-PH/0007142;%%"
}

@article{Aybat:2006wq,
      author         = "Aybat, Mert S. and Dixon, Lance J. and Sterman, George
                        F.",
      title          = "{The Two-loop anomalous dimension matrix for soft gluon
                        exchange}",
      journal        = "Phys. Rev. Lett.",
      volume         = "97",
      year           = "2006",
      pages          = "072001",
      doi            = "10.1103/PhysRevLett.97.072001",
      eprint         = "hep-ph/0606254",
      archivePrefix  = "arXiv",
      primaryClass   = "hep-ph",
      reportNumber   = "SLAC-PUB-11907, YITP-SB-06-25",
      SLACcitation   = "%%CITATION = HEP-PH/0606254;%%"
}

@article{Becher:2009cu,
      author         = "Becher, Thomas and Neubert, Matthias",
      title          = "{Infrared singularities of scattering amplitudes in
                        perturbative QCD}",
      journal        = "Phys. Rev. Lett.",
      volume         = "102",
      year           = "2009",
      pages          = "162001",
      doi            = "10.1103/PhysRevLett.102.162001,
                        10.1103/PhysRevLett.111.199905",
      note           = "[Erratum: Phys. Rev. Lett.111,no.19,199905(2013)]",
      eprint         = "0901.0722",
      archivePrefix  = "arXiv",
      primaryClass   = "hep-ph",
      reportNumber   = "FERMILAB-PUB-09-002-T, MZ-TH-09-01",
      SLACcitation   = "%%CITATION = ARXIV:0901.0722;%%"
}

@article{Catani:1996vz,
      author         = "Catani, Stefano and Seymour, Michael H.",
      title          = "{A General algorithm for calculating jet cross-sections
                        in NLO QCD}",
      journal        = "Nucl. Phys.",
      volume         = "B485",
      year           = "1997",
      pages          = "291-419",
      doi            = "10.1016/S0550-3213(96)00589-5,
                        10.1016/S0550-3213(98)81022-5",
      note           = "[Erratum: Nucl. Phys.B510,503(1998)]",
      eprint         = "hep-ph/9605323",
      archivePrefix  = "arXiv",
      primaryClass   = "hep-ph",
      reportNumber   = "CERN-TH-96-029, CERN-TH-96-29",
      SLACcitation   = "%%CITATION = HEP-PH/9605323;%%"
}


@article{Laporta:2001dd,
      author         = "Laporta, Stefano",
      title          = "{High precision calculation of multiloop Feynman
                        integrals by difference equations}",
      journal        = "Int. J. Mod. Phys.",
      volume         = "A15",
      year           = "2000",
      pages          = "5087-5159",
      doi            = "10.1016/S0217-751X(00)00215-7, 10.1142/S0217751X00002157",
      eprint         = "hep-ph/0102033",
      archivePrefix  = "arXiv",
      primaryClass   = "hep-ph",
      SLACcitation   = "%%CITATION = HEP-PH/0102033;%%"
}

@article{Ruijl:2017dtg,
      author         = "Ruijl, Ben and Ueda, Takahiro and Vermaseren, Jos",
      title          = "{FORM version 4.2}",
      year           = "2017",
      eprint         = "1707.06453",
      archivePrefix  = "arXiv",
      primaryClass   = "hep-ph",
      SLACcitation   = "%%CITATION = ARXIV:1707.06453;%%"
}


@article{fermat,
      author         = "Lewis, Robert H.",
      title          = "{Computer Algebra System {\tt Fermat}}",
      volume         = "{\tt http://home.bway.net/lewis}"
}

@article{Wang:2018vgu,
      author         = "Wang, Guoxing and Xu, Xiaofeng and Yang, Li Lin and Zhu,
                        Hua Xing",
      title          = "{The next-to-next-to-leading order soft function for top
                        quark pair production}",
      journal        = "JHEP",
      volume         = "06",
      year           = "2018",
      pages          = "013",
      doi            = "10.1007/JHEP06(2018)013",
      eprint         = "1804.05218",
      archivePrefix  = "arXiv",
      primaryClass   = "hep-ph",
      SLACcitation   = "%%CITATION = ARXIV:1804.05218;%%"
}

@article{Czakon:2013hxa,
      author         = "Czakon, Michał and Fiedler, Paul",
      title          = "{The soft function for color octet production at
                        threshold}",
      journal        = "Nucl. Phys.",
      volume         = "B879",
      year           = "2014",
      pages          = "236-255",
      doi            = "10.1016/j.nuclphysb.2013.12.008",
      eprint         = "1311.2541",
      archivePrefix  = "arXiv",
      primaryClass   = "hep-ph",
      reportNumber   = "TTK-13-24",
      SLACcitation   = "%%CITATION = ARXIV:1311.2541;%%"
}

@article{Czakon:2012pz,
      author         = "Czakon, Michał and Mitov, Alexander",
      title          = "{NNLO corrections to top pair production at hadron
                        colliders: the quark-gluon reaction}",
      journal        = "JHEP",
      volume         = "01",
      year           = "2013",
      pages          = "080",
      doi            = "10.1007/JHEP01(2013)080",
      eprint         = "1210.6832",
      archivePrefix  = "arXiv",
      primaryClass   = "hep-ph",
      reportNumber   = "CERN-PH-TH-2012-286",
      SLACcitation   = "%%CITATION = ARXIV:1210.6832;%%"
}

@article{Czakon:2012zr,
      author         = "Czakon, Michał and Mitov, Alexander",
      title          = "{NNLO corrections to top-pair production at hadron
                        colliders: the all-fermionic scattering channels}",
      journal        = "JHEP",
      volume         = "12",
      year           = "2012",
      pages          = "054",
      doi            = "10.1007/JHEP12(2012)054",
      eprint         = "1207.0236",
      archivePrefix  = "arXiv",
      primaryClass   = "hep-ph",
      reportNumber   = "CERN-PH-TH-2012-181",
      SLACcitation   = "%%CITATION = ARXIV:1207.0236;%%"
}

@article{Czakon:2016ckf,
      author         = "Czakon, Michał and Fiedler, Paul and Heymes, David and
                        Mitov, Alexander",
      title          = "{NNLO QCD predictions for fully-differential top-quark
                        pair production at the Tevatron}",
      journal        = "JHEP",
      volume         = "05",
      year           = "2016",
      pages          = "034",
      doi            = "10.1007/JHEP05(2016)034",
      eprint         = "1601.05375",
      archivePrefix  = "arXiv",
      primaryClass   = "hep-ph",
      reportNumber   = "CAVENDISH-HEP-16-01, TTK-16-02",
      SLACcitation   = "%%CITATION = ARXIV:1601.05375;%%"
}

@article{Broggio:2014yca,
      author         = "Broggio, Alessandro and Papanastasiou, Andrew S. and
                        Signer, Adrian",
      title          = "{Renormalization-group improved fully differential cross
                        sections for top pair production}",
      journal        = "JHEP",
      volume         = "10",
      year           = "2014",
      pages          = "98",
      doi            = "10.1007/JHEP10(2014)098",
      eprint         = "1407.2532",
      archivePrefix  = "arXiv",
      primaryClass   = "hep-ph",
      reportNumber   = "DESY-14-104, PSI-PR-14-04, ZU-TH-21-14",
      SLACcitation   = "%%CITATION = ARXIV:1407.2532;%%"
}

@article{Kidonakis:2014isa,
      author         = "Kidonakis, Nikolaos",
      title          = "{NNNLO soft-gluon corrections for the top-antitop pair
                        production cross section}",
      journal        = "Phys. Rev.",
      volume         = "D90",
      year           = "2014",
      number         = "1",
      pages          = "014006",
      doi            = "10.1103/PhysRevD.90.014006",
      eprint         = "1405.7046",
      archivePrefix  = "arXiv",
      primaryClass   = "hep-ph",
      SLACcitation   = "%%CITATION = ARXIV:1405.7046;%%"
}

@article{Czakon:2008zk,
      author         = "Czakon, Michał",
      title          = "{Tops from Light Quarks: Full Mass Dependence at
                        Two-Loops in QCD}",
      journal        = "Phys. Lett.",
      volume         = "B664",
      year           = "2008",
      pages          = "307-314",
      doi            = "10.1016/j.physletb.2008.05.028",
      eprint         = "0803.1400",
      archivePrefix  = "arXiv",
      primaryClass   = "hep-ph",
      SLACcitation   = "%%CITATION = ARXIV:0803.1400;%%"
}


@article{Baernreuther:2013caa,
      author         = "Bärnreuther, P. and Czakon, Michał and Fiedler, Paul",
      title          = "{Virtual amplitudes and threshold behaviour of hadronic
                        top-quark pair-production cross sections}",
      journal        = "JHEP",
      volume         = "02",
      year           = "2014",
      pages          = "078",
      doi            = "10.1007/JHEP02(2014)078",
      eprint         = "1312.6279",
      archivePrefix  = "arXiv",
      primaryClass   = "hep-ph",
      reportNumber   = "TTK-13-28",
      SLACcitation   = "%%CITATION = ARXIV:1312.6279;%%"
}

@article{Czakon:2017wor,
      author         = "Czakon, Michał and Heymes, David and Mitov, Alexander
and
                        Pagani, Davide and Tsinikos, Ioannis and Zaro, Marco",
      title          = "{Top-pair production at the LHC through NNLO QCD and NLO
                        EW}",
      journal        = "JHEP",
      volume         = "10",
      year           = "2017",
      pages          = "186",
      doi            = "10.1007/JHEP10(2017)186",
      eprint         = "1705.04105",
      archivePrefix  = "arXiv",
      primaryClass   = "hep-ph",
      reportNumber   = "CAVENDISH-HEP-17-07, CP3-17-12, TUM-HEP-1084-17,
                        TTK-17-15",
      SLACcitation   = "%%CITATION = ARXIV:1705.04105;%%"
}

@article{Beenakker:1993yr,
      author         = "Beenakker, Wim and Denner, Ansgar and Hollik, Wolfgang
      and Mertig, Rolf and Sack, Thomas and Wackeroth, Doreen",
      title          = "{Electroweak one loop contributions to top pair
                        production in hadron colliders}",
      journal        = "Nucl. Phys.",
      volume         = "B411",
      year           = "1994",
      pages          = "343-380",
      doi            = "10.1016/0550-3213(94)90454-5",
      reportNumber   = "MPI-PH-93-20",
      SLACcitation   = "%%CITATION = NUPHA,B411,343;%%"
}


@article{Bernreuther:2006vg,
      author         = "Bernreuther, Werner and Fuecker, Michael and Si,
                        Zong-Guo",
      title          = "{Weak interaction corrections to hadronic top quark pair
                        production}",
      journal        = "Phys. Rev.",
      volume         = "D74",
      year           = "2006",
      pages          = "113005",
      doi            = "10.1103/PhysRevD.74.113005",
      eprint         = "hep-ph/0610334",
      archivePrefix  = "arXiv",
      primaryClass   = "hep-ph",
      reportNumber   = "PITHA-06-07, SDU-HEP-200606",
      SLACcitation   = "%%CITATION = HEP-PH/0610334;%%"
}



@article{Beneke:2009rj,
      author         = "Beneke, Martin and Falgari, Pietro and Schwinn,
                        Christian",
      title          = "{Soft radiation in heavy-particle pair production:
                        All-order colour structure and two-loop anomalous
                        dimension}",
      journal        = "Nucl. Phys.",
      volume         = "B828",
      year           = "2010",
      pages          = "69-101",
      doi            = "10.1016/j.nuclphysb.2009.11.004",
      eprint         = "0907.1443",
      archivePrefix  = "arXiv",
      primaryClass   = "hep-ph",
      reportNumber   = "PITHA-09-16, IPPP-09-48, DCPT-09-96, SFB-CPP-09-59",
      SLACcitation   = "%%CITATION = ARXIV:0907.1443;%%"
}

@article{Kidonakis:2010dk,
      author         = "Kidonakis, Nikolaos",
      title          = "{Next-to-next-to-leading soft-gluon corrections for the
                        top quark cross section and transverse momentum
                        distribution}",
      journal        = "Phys. Rev.",
      volume         = "D82",
      year           = "2010",
      pages          = "114030",
      doi            = "10.1103/PhysRevD.82.114030",
      eprint         = "1009.4935",
      archivePrefix  = "arXiv",
      primaryClass   = "hep-ph",
      SLACcitation   = "%%CITATION = ARXIV:1009.4935;%%"
}


@article{Czakon:2018nun,
      author         = "Czakon, Michał and Ferroglia, Andrea and Heymes, David
                        and Mitov, Alexander and Pecjak, Ben D. and Scott,
Darren
                        J. and Wang, Xing and Yang, Li Lin",
      title          = "{Resummation for (boosted) top-quark pair production at
                        NNLO+NNLL' in QCD}",
      journal        = "JHEP",
      volume         = "05",
      year           = "2018",
      pages          = "149",
      doi            = "10.1007/JHEP05(2018)149",
      eprint         = "1803.07623",
      archivePrefix  = "arXiv",
      primaryClass   = "hep-ph",
      reportNumber   = "Cavendish-HEP-18/03, IPPP/18/18, TTK-18-07, Nikhef
                        2018-009, CAVENDISH-HEP-18-03, IPPP-18-18,
                        NIKHEF-2018-009",
      SLACcitation   = "%%CITATION = ARXIV:1803.07623;%%"
}

@article{Piclum:2018ndt,
      author         = "Piclum, Jan and Schwinn, Christian",
      title          = "{Soft-gluon and Coulomb corrections to hadronic
top-quark
                        pair production beyond NNLO}",
      journal        = "JHEP",
      volume         = "03",
      year           = "2018",
      pages          = "164",
      doi            = "10.1007/JHEP03(2018)164",
      eprint         = "1801.05788",
      archivePrefix  = "arXiv",
      primaryClass   = "hep-ph",
      reportNumber   = "SI-HEP-2018-03, TTK-18-02",
      SLACcitation   = "%%CITATION = ARXIV:1801.05788;%%"
}

@article{Catani:2018mei,
      author         = "Catani, Stefano and Grazzini, Massimiliano and Sargsyan,
                        Hayk",
      title          = "{Transverse-momentum resummation fo top-quark pair
                        production at the LHC}",
      year           = "2018",
      eprint         = "1806.01601",
      archivePrefix  = "arXiv",
      primaryClass   = "hep-ph",
      reportNumber   = "ZU-TH 20/18, ZU-TH-20-18",
      SLACcitation   = "%%CITATION = ARXIV:1806.01601;%%"
}


@article{Husemann:2017eka,
      author         = "Husemann, Ulrich",
      title          = "{Top-Quark Physics: Status and Prospects}",
      journal        = "Prog. Part. Nucl. Phys.",
      volume         = "95",
      year           = "2017",
      pages          = "48-97",
      doi            = "10.1016/j.ppnp.2017.03.002",
      eprint         = "1704.01356",
      archivePrefix  = "arXiv",
      primaryClass   = "hep-ex",
      SLACcitation   = "%%CITATION = ARXIV:1704.01356;%%"
}

@article{Jantzen:2011nz,
      author         = "Jantzen, Bernd",
      title          = "{Foundation and generalization of the expansion by
                        regions}",
      journal        = "JHEP",
      volume         = "12",
      year           = "2011",
      pages          = "076",
      doi            = "10.1007/JHEP12(2011)076",
      eprint         = "1111.2589",
      archivePrefix  = "arXiv",
      primaryClass   = "hep-ph",
      reportNumber   = "TTK-11-53, SFB-CPP-11-61",
      SLACcitation   = "%%CITATION = ARXIV:1111.2589;%%"
}

@article{Abelof:2015lna,
      author         = "Abelof, Gabriel and Gehrmann-De Ridder, Aude and Majer,
                        Imre",
      title          = "{Top quark pair production at NNLO in the
quark-antiquark
                        channel}",
      journal        = "JHEP",
      volume         = "12",
      year           = "2015",
      pages          = "074",
      doi            = "10.1007/JHEP12(2015)074",
      eprint         = "1506.04037",
      archivePrefix  = "arXiv",
      primaryClass   = "hep-ph",
      reportNumber   = "ZU-TH-17-15",
      SLACcitation   = "%%CITATION = ARXIV:1506.04037;%%"
}

@article{Tkachov:1981wb,
      author         = "Tkachov, Fyodor V.",
      title          = "{A Theorem on Analytical Calculability of Four Loop
                        Renormalization Group Functions}",
      journal        = "Phys. Lett.",
      volume         = "B100",
      year           = "1981",
      pages          = "65-68",
      doi            = "10.1016/0370-2693(81)90288-4",
      SLACcitation   = "%%CITATION = PHLTA,100B,65;%%"
}

@article{Chetyrkin:1981qh,
      author         = "Chetyrkin, Konstantin G. and Tkachov, Fyodor V.",
      title          = "{Integration by Parts: The Algorithm to Calculate beta
                        Functions in 4 Loops}",
      journal        = "Nucl. Phys.",
      volume         = "B192",
      year           = "1981",
      pages          = "159-204",
      doi            = "10.1016/0550-3213(81)90199-1",
      SLACcitation   = "%%CITATION = NUPHA,B192,159;%%"
}



@article{Remiddi:1997ny,
      author         = "Remiddi, Ettore",
      title          = "{Differential equations for Feynman graph amplitudes}",
      journal        = "Nuovo Cim.",
      volume         = "A110",
      year           = "1997",
      pages          = "1435-1452",
      eprint         = "hep-th/9711188",
      archivePrefix  = "arXiv",
      primaryClass   = "hep-th",
      reportNumber   = "DFUB-97-15",
      SLACcitation   = "%%CITATION = HEP-TH/9711188;%%"
}


