
@article{Czakon:2014oma,
      author         = "Czakon, M. and Heymes, D.",
      title          = "{Four-dimensional formulation of the sector-improved
                        residue subtraction scheme}",
      journal        = "Nucl. Phys.",
      volume         = "B890",
      year           = "2014",
      pages          = "152-227",
      doi            = "10.1016/j.nuclphysb.2014.11.006",
      eprint         = "1408.2500",
      archivePrefix  = "arXiv",
      primaryClass   = "hep-ph",
      reportNumber   = "TTK-14-16",
      SLACcitation   = "%%CITATION = ARXIV:1408.2500;%%"
}


@article{Abelof:2015lna,
      author         = "Abelof, Gabriel and Gehrmann-De Ridder, Aude and Majer,
                        Imre",
      title          = "{Top quark pair production at NNLO in the quark-antiquark
                        channel}",
      journal        = "JHEP",
      volume         = "12",
      year           = "2015",
      pages          = "074",
      doi            = "10.1007/JHEP12(2015)074",
      eprint         = "1506.04037",
      archivePrefix  = "arXiv",
      primaryClass   = "hep-ph",
      reportNumber   = "ZU-TH-17-15",
      SLACcitation   = "%%CITATION = ARXIV:1506.04037;%%"
}


@article{Abelof:2014jna,
      author         = "Abelof, Gabriel and Gehrmann-De Ridder, Aude",
      title          = "{Light fermionic NNLO QCD corrections to top-antitop
                        production in the quark-antiquark channel}",
      journal        = "JHEP",
      volume         = "12",
      year           = "2014",
      pages          = "076",
      doi            = "10.1007/JHEP12(2014)076",
      eprint         = "1409.3148",
      archivePrefix  = "arXiv",
      primaryClass   = "hep-ph",
      SLACcitation   = "%%CITATION = ARXIV:1409.3148;%%"
}

@article{Bonciani:2015sha,
      author         = "Bonciani, Roberto and Catani, Stefano and Grazzini,
                        Massimiliano and Sargsyan, Hayk and Torre, Alessandro",
      title          = "{The $q_T$ subtraction method for top quark production at
                        hadron colliders}",
      journal        = "Eur. Phys. J.",
      volume         = "C75",
      year           = "2015",
      number         = "12",
      pages          = "581",
      doi            = "10.1140/epjc/s10052-015-3793-y",
      eprint         = "1508.03585",
      archivePrefix  = "arXiv",
      primaryClass   = "hep-ph",
      reportNumber   = "ZU-TH-28-15",
      SLACcitation   = "%%CITATION = ARXIV:1508.03585;%%"
}


@article{Broggio:2014yca,
      author         = "Broggio, Alessandro and Papanastasiou, Andrew S. and
                        Signer, Adrian",
      title          = "{Renormalization-group improved fully differential cross
                        sections for top pair production}",
      journal        = "JHEP",
      volume         = "10",
      year           = "2014",
      pages          = "98",
      doi            = "10.1007/JHEP10(2014)098",
      eprint         = "1407.2532",
      archivePrefix  = "arXiv",
      primaryClass   = "hep-ph",
      reportNumber   = "DESY-14-104, PSI-PR-14-04, ZU-TH-21-14",
      SLACcitation   = "%%CITATION = ARXIV:1407.2532;%%"
}

@article{Guzzi:2014wia,
      author         = "Guzzi, Marco and Lipka, Katerina and Moch, Sven-Olaf",
      title          = "{Top-quark pair production at hadron colliders:
                        differential cross section and phenomenological
                        applications with DiffTop}",
      journal        = "JHEP",
      volume         = "01",
      year           = "2015",
      pages          = "082",
      doi            = "10.1007/JHEP01(2015)082",
      eprint         = "1406.0386",
      archivePrefix  = "arXiv",
      primaryClass   = "hep-ph",
      reportNumber   = "DESY-14-077, LPN-14-076, SFB-CPP-14-27",
      SLACcitation   = "%%CITATION = ARXIV:1406.0386;%%"
}

@article{Ahrens:2010zv,
      author         = "Ahrens, Valentin and Ferroglia, Andrea and Neubert,
                        Matthias and Pecjak, Ben D. and Yang, Li Lin",
      title          = "{Renormalization-Group Improved Predictions for Top-Quark
                        Pair Production at Hadron Colliders}",
      journal        = "JHEP",
      volume         = "09",
      year           = "2010",
      pages          = "097",
      doi            = "10.1007/JHEP09(2010)097",
      eprint         = "1003.5827",
      archivePrefix  = "arXiv",
      primaryClass   = "hep-ph",
      SLACcitation   = "%%CITATION = ARXIV:1003.5827;%%"
}

@article{Kidonakis:2012rm,
      author         = "Kidonakis, Nikolaos",
      title          = "{NNLL threshold resummation for top-pair and single-top
                        production}",
      journal        = "Phys. Part. Nucl.",
      volume         = "45",
      year           = "2014",
      number         = "4",
      pages          = "714-722",
      doi            = "10.1134/S1063779614040091",
      eprint         = "1210.7813",
      archivePrefix  = "arXiv",
      primaryClass   = "hep-ph",
      SLACcitation   = "%%CITATION = ARXIV:1210.7813;%%"
}

@article{Kidonakis:2014pja,
      author         = "Kidonakis, Nikolaos",
      title          = "{NNNLO soft-gluon corrections for the top-quark $p_T$ and
                        rapidity distributions}",
      journal        = "Phys. Rev.",
      volume         = "D91",
      year           = "2015",
      number         = "3",
      pages          = "031501",
      doi            = "10.1103/PhysRevD.91.031501",
      eprint         = "1411.2633",
      archivePrefix  = "arXiv",
      primaryClass   = "hep-ph",
      SLACcitation   = "%%CITATION = ARXIV:1411.2633;%%"
}


@article{Catani:1999ss,
      author         = "Catani, Stefano and Grazzini, Massimiliano",
      title          = "{Infrared factorization of tree level QCD amplitudes at
                        the next-to-next-to-leading order and beyond}",
      journal        = "Nucl. Phys.",
      volume         = "B570",
      year           = "2000",
      pages          = "287-325",
      doi            = "10.1016/S0550-3213(99)00778-6",
      eprint         = "hep-ph/9908523",
      archivePrefix  = "arXiv",
      primaryClass   = "hep-ph",
      reportNumber   = "CERN-TH-99-263, ETH-TH-99-22",
      SLACcitation   = "%%CITATION = HEP-PH/9908523;%%"
}
